
<marc:record><marc:leader>00975cam a2200241 a 4500</marc:leader>
<marc:controlfield tag="008">820201m19829999txua     b    001 0 eng  </marc:controlfield>
<marc:datafield tag="020" ind1=" " ind2=" "><marc:subfield code="a">0849902444 (v. 45)</marc:subfield></marc:datafield><marc:datafield tag="040" ind1=" " ind2=" "><marc:subfield code="a">DLC</marc:subfield><marc:subfield code="c">DLC</marc:subfield><marc:subfield code="d">DLC</marc:subfield><marc:subfield code="d">TxDaGIAL</marc:subfield></marc:datafield><marc:datafield tag="100" ind1="1" ind2=" "><marc:subfield code="a">Bruce, F. F.</marc:subfield><marc:subfield code="q">(Frederick Fyvie),</marc:subfield><marc:subfield code="d">1910-</marc:subfield></marc:datafield><marc:datafield tag="245" ind1="1" ind2="0"><marc:subfield code="a">1 and 2 Thessalonians /</marc:subfield><marc:subfield code="c">F. F. Bruce.</marc:subfield></marc:datafield><marc:datafield tag="260" ind1="0" ind2=" "><marc:subfield code="a">Waco, Tex. :</marc:subfield><marc:subfield code="b">Word Books,</marc:subfield><marc:subfield code="c">c1982.</marc:subfield></marc:datafield><marc:datafield tag="300" ind1=" " ind2=" "><marc:subfield code="a">xlvii, 228 p. ;</marc:subfield><marc:subfield code="c">24 cm.</marc:subfield></marc:datafield><marc:datafield tag="440" ind1=" " ind2="0"><marc:subfield code="a">Word biblical commentary ;</marc:subfield><marc:subfield code="v">v. 45</marc:subfield></marc:datafield><marc:datafield tag="504" ind1=" " ind2=" "><marc:subfield code="a">Includes bibliographies and indexes.</marc:subfield></marc:datafield><marc:datafield tag="630" ind1="0" ind2="0"><marc:subfield code="a">Bible.</marc:subfield><marc:subfield code="p">N.T.</marc:subfield><marc:subfield code="p">Thessalonians</marc:subfield><marc:subfield code="v">Commentaries.</marc:subfield></marc:datafield><marc:datafield tag="740" ind1="0" ind2="1"><marc:subfield code="a">First and second Thessalonians.</marc:subfield></marc:datafield><marc:datafield tag="740" ind1="0" ind2="1"><marc:subfield code="a">One and two Thessalonians.</marc:subfield></marc:datafield><marc:datafield tag="035" ind1=" " ind2=" "><marc:subfield code="a">(TxDaGIAL)37741100023400</marc:subfield></marc:datafield><marc:controlfield tag="005">20080624154317.0</marc:controlfield><marc:controlfield tag="001">105</marc:controlfield><marc:controlfield tag="003">TxDaGIAL</marc:controlfield><marc:datafield tag="852" ind1=" " ind2=" "><marc:subfield code="p">37741100023400</marc:subfield><marc:subfield code="a">Library</marc:subfield><marc:subfield code="b">John Beekman Tran Li</marc:subfield><marc:subfield code="x">COPYID:105</marc:subfield><marc:subfield code="x">FSC@aRegular@c19991101</marc:subfield><marc:subfield code="h">227.81077 B886f 1982</marc:subfield><marc:subfield code="z">9512</marc:subfield></marc:datafield><marc:datafield tag="852" ind1=" " ind2=" "><marc:subfield code="p">37741100002986</marc:subfield><marc:subfield code="a">Library</marc:subfield><marc:subfield code="b">John Beekman Tran Li</marc:subfield><marc:subfield code="x">COPYID:106</marc:subfield><marc:subfield code="x">FSC@aRegular@c19991101</marc:subfield><marc:subfield code="h">227.81077 B886f 1982</marc:subfield><marc:subfield code="z">TWP 2-94 gift</marc:subfield></marc:datafield></marc:record>