
<marc:record><marc:leader>01025cam a2200277 a 4500</marc:leader>
<marc:controlfield tag="008">950104s1994    enk      b    000 0 eng  </marc:controlfield>
<marc:datafield tag="010" ind1=" " ind2=" "><marc:subfield code="a">   94026382</marc:subfield></marc:datafield><marc:datafield tag="020" ind1=" " ind2=" "><marc:subfield code="a">0877842604 (pbk.) :</marc:subfield><marc:subfield code="c">$11.99</marc:subfield></marc:datafield><marc:datafield tag="040" ind1=" " ind2=" "><marc:subfield code="a">DLC</marc:subfield><marc:subfield code="c">DLC</marc:subfield><marc:subfield code="d">DLC</marc:subfield></marc:datafield><marc:datafield tag="050" ind1="0" ind2="0"><marc:subfield code="a">BS1345.3</marc:subfield><marc:subfield code="b">.S45 1994</marc:subfield></marc:datafield><marc:datafield tag="069" ind1=" " ind2=" "><marc:subfield code="a">00413938</marc:subfield></marc:datafield><marc:datafield tag="082" ind1="0" ind2="0"><marc:subfield code="a">222/.6307</marc:subfield><marc:subfield code="2">20</marc:subfield></marc:datafield><marc:datafield tag="100" ind1="1" ind2=" "><marc:subfield code="a">Selman, Martin J.,</marc:subfield><marc:subfield code="d">1947-</marc:subfield></marc:datafield><marc:datafield tag="245" ind1="1" ind2="0"><marc:subfield code="a">1 Chronicles :</marc:subfield><marc:subfield code="b">an introduction and commentary /</marc:subfield><marc:subfield code="c">by Martin J. Selman.</marc:subfield></marc:datafield><marc:datafield tag="260" ind1=" " ind2=" "><marc:subfield code="a">Leicester, England ;</marc:subfield><marc:subfield code="a">Downers Grove, Ill. :</marc:subfield><marc:subfield code="b">Inter-Varsity Press,</marc:subfield><marc:subfield code="c">c1994.</marc:subfield></marc:datafield><marc:datafield tag="300" ind1=" " ind2=" "><marc:subfield code="a">263 p. ;</marc:subfield><marc:subfield code="c">18 cm.</marc:subfield></marc:datafield><marc:datafield tag="440" ind1=" " ind2="4"><marc:subfield code="a">The Tyndale Old Testament commentaries ;</marc:subfield><marc:subfield code="v">10a</marc:subfield></marc:datafield><marc:datafield tag="500" ind1=" " ind2=" "><marc:subfield code="a">Continued by the author's 2 Chronicles.</marc:subfield></marc:datafield><marc:datafield tag="504" ind1=" " ind2=" "><marc:subfield code="a">Includes bibliographical references.</marc:subfield></marc:datafield><marc:datafield tag="630" ind1="0" ind2="0"><marc:subfield code="a">Bible.</marc:subfield><marc:subfield code="p">O.T.</marc:subfield><marc:subfield code="p">Chronicles, 1st</marc:subfield><marc:subfield code="v">Commentaries.</marc:subfield></marc:datafield><marc:datafield tag="740" ind1="0" ind2="1"><marc:subfield code="a">First Chronicles.</marc:subfield></marc:datafield><marc:datafield tag="035" ind1=" " ind2=" "><marc:subfield code="a">(TxDaGIAL)37741100012690</marc:subfield></marc:datafield><marc:controlfield tag="005">20080624154318.0</marc:controlfield><marc:controlfield tag="001">108</marc:controlfield><marc:controlfield tag="003">TxDaGIAL</marc:controlfield><marc:datafield tag="852" ind1=" " ind2=" "><marc:subfield code="p">37741100012690</marc:subfield><marc:subfield code="a">Library</marc:subfield><marc:subfield code="9">$10.43</marc:subfield><marc:subfield code="x">FUND:AL-Tran</marc:subfield><marc:subfield code="x">COPYID:109</marc:subfield><marc:subfield code="x">FSC@aRegular@c19960725</marc:subfield><marc:subfield code="h">222.6307 S468 1994</marc:subfield><marc:subfield code="z">B/T 7-96</marc:subfield></marc:datafield></marc:record>