
<marc:record><marc:leader>00982cam a2200265 a 4500</marc:leader>
<marc:controlfield tag="008">950501s1996    maua     b    001 0 eng  </marc:controlfield>
<marc:datafield tag="010" ind1=" " ind2=" "><marc:subfield code="a">   95018933</marc:subfield></marc:datafield><marc:datafield tag="020" ind1=" " ind2=" "><marc:subfield code="a">0205165664 (cloth)</marc:subfield></marc:datafield><marc:datafield tag="020" ind1=" " ind2=" "><marc:subfield code="a">0205165672 (pbk.)</marc:subfield></marc:datafield><marc:datafield tag="040" ind1=" " ind2=" "><marc:subfield code="a">DLC</marc:subfield><marc:subfield code="c">DLC</marc:subfield><marc:subfield code="d">DLC</marc:subfield></marc:datafield><marc:datafield tag="050" ind1="0" ind2="0"><marc:subfield code="a">LB1065</marc:subfield><marc:subfield code="b">.R316 1996</marc:subfield></marc:datafield><marc:datafield tag="082" ind1="0" ind2="0"><marc:subfield code="a">370.15/4</marc:subfield><marc:subfield code="2">20</marc:subfield></marc:datafield><marc:datafield tag="100" ind1="1" ind2=" "><marc:subfield code="a">Raffini, James P.,</marc:subfield><marc:subfield code="d">1941-</marc:subfield></marc:datafield><marc:datafield tag="245" ind1="1" ind2="0"><marc:subfield code="a">150 ways to increase intrinsic motivation in the classroom /</marc:subfield><marc:subfield code="c">James P. Raffini.</marc:subfield></marc:datafield><marc:datafield tag="246" ind1="3" ind2=" "><marc:subfield code="a">One hundred fifty ways to increase intrinsic motivation in the classroom</marc:subfield></marc:datafield><marc:datafield tag="260" ind1=" " ind2=" "><marc:subfield code="a">Boston :</marc:subfield><marc:subfield code="b">Allyn and Bacon,</marc:subfield><marc:subfield code="c">c1996.</marc:subfield></marc:datafield><marc:datafield tag="300" ind1=" " ind2=" "><marc:subfield code="a">x, 288 p. :</marc:subfield><marc:subfield code="b">ill. ;</marc:subfield><marc:subfield code="c">25 cm.</marc:subfield></marc:datafield><marc:datafield tag="504" ind1=" " ind2=" "><marc:subfield code="a">Includes bibliographical references (p. 281-283) and index.</marc:subfield></marc:datafield><marc:datafield tag="650" ind1=" " ind2="0"><marc:subfield code="a">Motivation in education.</marc:subfield></marc:datafield><marc:datafield tag="650" ind1=" " ind2="0"><marc:subfield code="a">Classroom management.</marc:subfield></marc:datafield><marc:datafield tag="035" ind1=" " ind2=" "><marc:subfield code="a">(TxDaGIAL)37741100021135</marc:subfield></marc:datafield><marc:controlfield tag="005">20080624154319.0</marc:controlfield><marc:controlfield tag="001">113</marc:controlfield><marc:controlfield tag="003">TxDaGIAL</marc:controlfield><marc:datafield tag="852" ind1=" " ind2=" "><marc:subfield code="p">37741100021135</marc:subfield><marc:subfield code="a">Library</marc:subfield><marc:subfield code="9">$25.19</marc:subfield><marc:subfield code="x">FUND:LD-Lite</marc:subfield><marc:subfield code="x">COPYID:115</marc:subfield><marc:subfield code="x">FSC@aRegular@c19971017</marc:subfield><marc:subfield code="h">370.154 R137 1996</marc:subfield><marc:subfield code="z">B/T 10-97</marc:subfield></marc:datafield></marc:record>