
<marc:record><marc:leader>00726cam a22002057a 4500</marc:leader>
<marc:controlfield tag="008">841218s1979||||stk|||| ||||||0|||||eng| </marc:controlfield>
<marc:datafield tag="010" ind1=" " ind2=" "><marc:subfield code="a">   83839229</marc:subfield></marc:datafield><marc:datafield tag="020" ind1=" " ind2=" "><marc:subfield code="a">085151295X (pbk.)</marc:subfield></marc:datafield><marc:datafield tag="040" ind1=" " ind2=" "><marc:subfield code="a">DLC</marc:subfield><marc:subfield code="c">DLC</marc:subfield><marc:subfield code="d">DLC</marc:subfield><marc:subfield code="d">TxDaGIAL</marc:subfield></marc:datafield><marc:datafield tag="050" ind1="0" ind2=" "><marc:subfield code="a">MLCS 84/16817 (B)</marc:subfield></marc:datafield><marc:datafield tag="100" ind1="1" ind2="0"><marc:subfield code="a">Wilson, Geoffrey B.,</marc:subfield><marc:subfield code="d">1929-</marc:subfield></marc:datafield><marc:datafield tag="245" ind1="1" ind2="0"><marc:subfield code="a">2 Corinthians :</marc:subfield><marc:subfield code="b">a digest of reformed comment /</marc:subfield><marc:subfield code="c">Geoffrey B. Wilson.</marc:subfield></marc:datafield><marc:datafield tag="260" ind1="0" ind2=" "><marc:subfield code="a">Edinburgh ;</marc:subfield><marc:subfield code="a">Carlisle, Pa. :</marc:subfield><marc:subfield code="b">Banner of Truth Trust,</marc:subfield><marc:subfield code="c">c1979.</marc:subfield></marc:datafield><marc:datafield tag="300" ind1=" " ind2=" "><marc:subfield code="a">179 p. ;</marc:subfield><marc:subfield code="c">18 cm.</marc:subfield></marc:datafield><marc:datafield tag="630" ind1="0" ind2="0"><marc:subfield code="a">Bible.</marc:subfield><marc:subfield code="p">N.T.</marc:subfield><marc:subfield code="p">Corinthians, 2nd</marc:subfield><marc:subfield code="v">Commentaries.</marc:subfield></marc:datafield><marc:datafield tag="035" ind1=" " ind2=" "><marc:subfield code="a">(TxDaGIAL)37741100002084</marc:subfield></marc:datafield><marc:controlfield tag="005">20080624154320.0</marc:controlfield><marc:controlfield tag="001">118</marc:controlfield><marc:controlfield tag="003">TxDaGIAL</marc:controlfield><marc:datafield tag="852" ind1=" " ind2=" "><marc:subfield code="p">37741100002084</marc:subfield><marc:subfield code="a">Library</marc:subfield><marc:subfield code="x">COPYID:121</marc:subfield><marc:subfield code="x">FSC@aRegular@c19950308</marc:subfield><marc:subfield code="h">227.307 W748c 1979</marc:subfield><marc:subfield code="z">12505</marc:subfield></marc:datafield></marc:record>