
<marc:record><marc:leader>01234pam a2200325 a 4500</marc:leader>
<marc:controlfield tag="008">931214s1993    nyu      b    001 0 eng  </marc:controlfield>
<marc:datafield tag="010" ind1=" " ind2=" "><marc:subfield code="a">   92021142</marc:subfield></marc:datafield><marc:datafield tag="020" ind1=" " ind2=" "><marc:subfield code="a">0385413629 :</marc:subfield><marc:subfield code="c">$28.00</marc:subfield></marc:datafield><marc:datafield tag="040" ind1=" " ind2=" "><marc:subfield code="a">DLC</marc:subfield><marc:subfield code="c">DLC</marc:subfield><marc:subfield code="d">DLC</marc:subfield></marc:datafield><marc:datafield tag="050" ind1="0" ind2="0"><marc:subfield code="a">BS192.2.A1 1964</marc:subfield><marc:subfield code="b">.G3 vol. 37C</marc:subfield><marc:subfield code="a">BS2793</marc:subfield></marc:datafield><marc:datafield tag="082" ind1="0" ind2="0"><marc:subfield code="a">220.7/7 s</marc:subfield><marc:subfield code="a">227/.93077</marc:subfield><marc:subfield code="2">20</marc:subfield></marc:datafield><marc:datafield tag="130" ind1="0" ind2=" "><marc:subfield code="a">Bible.</marc:subfield><marc:subfield code="p">N.T.</marc:subfield><marc:subfield code="p">Peter, 2nd.</marc:subfield><marc:subfield code="l">English.</marc:subfield><marc:subfield code="s">Neyrey.</marc:subfield><marc:subfield code="f">1993.</marc:subfield></marc:datafield><marc:datafield tag="245" ind1="1" ind2="0"><marc:subfield code="a">2 Peter, Jude :</marc:subfield><marc:subfield code="b">a new translation with introduction and commentary /</marc:subfield><marc:subfield code="c">Jerome H. Neyrey.</marc:subfield></marc:datafield><marc:datafield tag="250" ind1=" " ind2=" "><marc:subfield code="a">1st ed.</marc:subfield></marc:datafield><marc:datafield tag="260" ind1=" " ind2=" "><marc:subfield code="a">New York :</marc:subfield><marc:subfield code="b">Doubleday,</marc:subfield><marc:subfield code="c">1993.</marc:subfield></marc:datafield><marc:datafield tag="300" ind1=" " ind2=" "><marc:subfield code="a">ix, 287 p. ;</marc:subfield><marc:subfield code="c">25 cm.</marc:subfield></marc:datafield><marc:datafield tag="490" ind1="1" ind2=" "><marc:subfield code="a">The Anchor Bible ;</marc:subfield><marc:subfield code="v">37C</marc:subfield></marc:datafield><marc:datafield tag="504" ind1=" " ind2=" "><marc:subfield code="a">Includes bibliographical references (p. 252-260) and indexes.</marc:subfield></marc:datafield><marc:datafield tag="630" ind1="0" ind2="0"><marc:subfield code="a">Bible.</marc:subfield><marc:subfield code="p">N.T.</marc:subfield><marc:subfield code="p">Peter, 2nd</marc:subfield><marc:subfield code="v">Commentaries.</marc:subfield></marc:datafield><marc:datafield tag="630" ind1="0" ind2="0"><marc:subfield code="a">Bible.</marc:subfield><marc:subfield code="p">N.T.</marc:subfield><marc:subfield code="p">Jude</marc:subfield><marc:subfield code="v">Commentaries.</marc:subfield></marc:datafield><marc:datafield tag="700" ind1="1" ind2="0"><marc:subfield code="a">Neyrey, Jerome H.,</marc:subfield><marc:subfield code="d">1940-</marc:subfield></marc:datafield><marc:datafield tag="730" ind1="0" ind2="2"><marc:subfield code="a">Bible.</marc:subfield><marc:subfield code="p">N.T.</marc:subfield><marc:subfield code="p">Jude.</marc:subfield><marc:subfield code="l">English.</marc:subfield><marc:subfield code="s">Neyrey.</marc:subfield><marc:subfield code="f">1993.</marc:subfield></marc:datafield><marc:datafield tag="740" ind1="0" ind2="1"><marc:subfield code="a">2nd Peter, Jude.</marc:subfield></marc:datafield><marc:datafield tag="740" ind1="0" ind2="1"><marc:subfield code="a">Second Peter, Jude.</marc:subfield></marc:datafield><marc:datafield tag="830" ind1=" " ind2="0"><marc:subfield code="a">Bible.</marc:subfield><marc:subfield code="l">English.</marc:subfield><marc:subfield code="s">Anchor Bible.</marc:subfield><marc:subfield code="f">1964 ;</marc:subfield><marc:subfield code="v">v. 37C.</marc:subfield></marc:datafield><marc:datafield tag="035" ind1=" " ind2=" "><marc:subfield code="a">(TxDaGIAL)37741100004640</marc:subfield></marc:datafield><marc:controlfield tag="005">20080624154320.0</marc:controlfield><marc:controlfield tag="001">119</marc:controlfield><marc:controlfield tag="003">TxDaGIAL</marc:controlfield><marc:datafield tag="852" ind1=" " ind2=" "><marc:subfield code="p">37741100004640</marc:subfield><marc:subfield code="a">Library</marc:subfield><marc:subfield code="9">$24.36</marc:subfield><marc:subfield code="x">COPYID:122</marc:subfield><marc:subfield code="x">FSC@aRegular@c19950602</marc:subfield><marc:subfield code="h">227.93077 N574 1993</marc:subfield><marc:subfield code="z">B/T 5-95</marc:subfield></marc:datafield></marc:record>