
<marc:record><marc:leader>00694cam a22001935a 4500</marc:leader>
<marc:controlfield tag="008">890531s1992    ja |||| ||||||0|| 0|eng|d</marc:controlfield>
<marc:datafield tag="035" ind1=" " ind2=" "><marc:subfield code="a">ILNGAFS0182B-B</marc:subfield></marc:datafield><marc:datafield tag="035" ind1=" " ind2=" "><marc:subfield code="a">(CStRLIN)</marc:subfield></marc:datafield><marc:datafield tag="040" ind1=" " ind2=" "><marc:subfield code="a">IEN</marc:subfield><marc:subfield code="d">CStRLIN</marc:subfield><marc:subfield code="d">TxDaGIAL</marc:subfield></marc:datafield><marc:datafield tag="245" ind1="0" ind2="0"><marc:subfield code="a">500 aos de mestizaje en los andes /</marc:subfield><marc:subfield code="c">editado por Hiroyasu Tomoeda y Luis Millones.</marc:subfield></marc:datafield><marc:datafield tag="260" ind1=" " ind2=" "><marc:subfield code="a">Osaka :</marc:subfield><marc:subfield code="b">National Museum of Ethnology,</marc:subfield><marc:subfield code="c">1992.</marc:subfield></marc:datafield><marc:datafield tag="440" ind1=" " ind2="0"><marc:subfield code="a">Senri ethnological studies,</marc:subfield><marc:subfield code="x">0387-6004 ;</marc:subfield><marc:subfield code="v">no. 33</marc:subfield></marc:datafield><marc:datafield tag="700" ind1="1" ind2="0"><marc:subfield code="a">Tomoeda, Hiroyasu,</marc:subfield><marc:subfield code="d">1935-</marc:subfield></marc:datafield><marc:datafield tag="700" ind1="1" ind2="0"><marc:subfield code="a">Millones, Luis.</marc:subfield></marc:datafield><marc:datafield tag="035" ind1=" " ind2=" "><marc:subfield code="a">(TxDaGIAL)37741100013468</marc:subfield></marc:datafield><marc:controlfield tag="005">20080624154321.0</marc:controlfield><marc:controlfield tag="001">123</marc:controlfield><marc:controlfield tag="003">TxDaGIAL</marc:controlfield><marc:datafield tag="852" ind1=" " ind2=" "><marc:subfield code="p">37741100013468</marc:subfield><marc:subfield code="a">Library</marc:subfield><marc:subfield code="x">COPYID:126</marc:subfield><marc:subfield code="x">FSC@aRegular@c19961017</marc:subfield><marc:subfield code="h">305.898 T661 1992</marc:subfield><marc:subfield code="z">exchange 6-92</marc:subfield></marc:datafield></marc:record>