
<marc:record><marc:leader>00912pam a2200241 a 4500</marc:leader>
<marc:controlfield tag="008">920514s1992    cau      b    000 0 eng  </marc:controlfield>
<marc:datafield tag="010" ind1=" " ind2=" "><marc:subfield code="a">   92072008</marc:subfield></marc:datafield><marc:datafield tag="020" ind1=" " ind2=" "><marc:subfield code="a">0878082352 (pbk.)</marc:subfield></marc:datafield><marc:datafield tag="040" ind1=" " ind2=" "><marc:subfield code="a">DLC</marc:subfield><marc:subfield code="c">DLC</marc:subfield><marc:subfield code="d">DLC</marc:subfield></marc:datafield><marc:datafield tag="050" ind1="0" ind2="0"><marc:subfield code="a">BV2360</marc:subfield><marc:subfield code="b">.F87 1992</marc:subfield></marc:datafield><marc:datafield tag="082" ind1="0" ind2="0"><marc:subfield code="a">266/.006/07</marc:subfield><marc:subfield code="2">20</marc:subfield></marc:datafield><marc:datafield tag="100" ind1="1" ind2=" "><marc:subfield code="a">Frizen, E. L.</marc:subfield></marc:datafield><marc:datafield tag="245" ind1="1" ind2="0"><marc:subfield code="a">75 years of IFMA, 1917-1992 :</marc:subfield><marc:subfield code="b">the nondenominational missions movement /</marc:subfield><marc:subfield code="c">Edwin L. Frizen, Jr.</marc:subfield></marc:datafield><marc:datafield tag="260" ind1=" " ind2=" "><marc:subfield code="a">Pasadena, Calif. :</marc:subfield><marc:subfield code="b">William Carey Library,</marc:subfield><marc:subfield code="c">c1992.</marc:subfield></marc:datafield><marc:datafield tag="300" ind1=" " ind2=" "><marc:subfield code="a">478 p. ;</marc:subfield><marc:subfield code="c">22 cm.</marc:subfield></marc:datafield><marc:datafield tag="504" ind1=" " ind2=" "><marc:subfield code="a">Includes bibliographical references (p. 461-478).</marc:subfield></marc:datafield><marc:datafield tag="610" ind1="2" ind2="0"><marc:subfield code="a">Interdenominational Foreign Mission Association of North America</marc:subfield><marc:subfield code="x">History.</marc:subfield></marc:datafield><marc:datafield tag="740" ind1="0" ind2="1"><marc:subfield code="a">Seventy-five years of IFMA, 1917-1992.</marc:subfield></marc:datafield><marc:datafield tag="035" ind1=" " ind2=" "><marc:subfield code="a">(TxDaGIAL)37741100006669</marc:subfield></marc:datafield><marc:controlfield tag="005">20080624154321.0</marc:controlfield><marc:controlfield tag="001">125</marc:controlfield><marc:controlfield tag="003">TxDaGIAL</marc:controlfield><marc:datafield tag="852" ind1=" " ind2=" "><marc:subfield code="p">37741100006669</marc:subfield><marc:subfield code="a">Library</marc:subfield><marc:subfield code="9">$15.95</marc:subfield><marc:subfield code="x">COPYID:128</marc:subfield><marc:subfield code="x">FSC@aRegular@c19950811</marc:subfield><marc:subfield code="h">266.00607 F921 1992</marc:subfield><marc:subfield code="z">DIR 3-93</marc:subfield></marc:datafield></marc:record>