
<marc:record><marc:leader>00730nam a2200205 i 4500</marc:leader>
<marc:controlfield tag="008">960530r19921887ii            000 0 mul d</marc:controlfield>
<marc:datafield tag="020" ind1=" " ind2=" "><marc:subfield code="a">8170490588</marc:subfield></marc:datafield><marc:datafield tag="040" ind1=" " ind2=" "><marc:subfield code="a">TxDaGIAL</marc:subfield><marc:subfield code="c">TxDaGIAL</marc:subfield></marc:datafield><marc:datafield tag="041" ind1="1" ind2=" "><marc:subfield code="a">engmul</marc:subfield></marc:datafield><marc:datafield tag="100" ind1="1" ind2=" "><marc:subfield code="a">Portman, M. V.</marc:subfield><marc:subfield code="q">(Maurice Vidal),</marc:subfield><marc:subfield code="d">1860-1935.</marc:subfield></marc:datafield><marc:datafield tag="245" ind1="1" ind2="0"><marc:subfield code="a">A manual of the Andamanese languages /</marc:subfield><marc:subfield code="c">M.V. Portman.</marc:subfield></marc:datafield><marc:datafield tag="260" ind1=" " ind2=" "><marc:subfield code="a">Delhi :</marc:subfield><marc:subfield code="b">Manas Publications,</marc:subfield><marc:subfield code="c">1992, 1887.</marc:subfield></marc:datafield><marc:datafield tag="300" ind1=" " ind2=" "><marc:subfield code="a">vi, 229 p. ;</marc:subfield><marc:subfield code="c">23 cm.</marc:subfield></marc:datafield><marc:datafield tag="500" ind1=" " ind2=" "><marc:subfield code="a">First published, 1887. Reprinted, 1992.</marc:subfield></marc:datafield><marc:datafield tag="650" ind1=" " ind2="0"><marc:subfield code="a">Andamanese language.</marc:subfield></marc:datafield><marc:datafield tag="035" ind1=" " ind2=" "><marc:subfield code="a">(TxDaGIAL)37741100011646</marc:subfield></marc:datafield><marc:controlfield tag="005">20080624154322.0</marc:controlfield><marc:controlfield tag="001">130</marc:controlfield><marc:controlfield tag="003">TxDaGIAL</marc:controlfield><marc:datafield tag="852" ind1=" " ind2=" "><marc:subfield code="p">37741100011646</marc:subfield><marc:subfield code="a">Library</marc:subfield><marc:subfield code="9">$16.00</marc:subfield><marc:subfield code="x">FUND:Ling</marc:subfield><marc:subfield code="x">COPYID:135</marc:subfield><marc:subfield code="x">FSC@aRegular@c19960528</marc:subfield><marc:subfield code="h">495.93 P853m 1992</marc:subfield><marc:subfield code="z">Indian Book Centre  3-95</marc:subfield></marc:datafield></marc:record>