
<marc:record><marc:leader>00670nam a22001815  4500</marc:leader>
<marc:controlfield tag="008">950509s1992    xx a          0     eng d</marc:controlfield>
<marc:datafield tag="020" ind1=" " ind2=" "><marc:subfield code="c">$7.00</marc:subfield></marc:datafield><marc:datafield tag="040" ind1=" " ind2=" "><marc:subfield code="a">TxDaGIAL</marc:subfield><marc:subfield code="c">TxDaGIAL</marc:subfield></marc:datafield><marc:datafield tag="245" ind1="0" ind2="4"><marc:subfield code="a">The Able sampler :</marc:subfield><marc:subfield code="b">a professional development guide for adult literacy practioners.</marc:subfield></marc:datafield><marc:datafield tag="260" ind1=" " ind2=" "><marc:subfield code="a">Columbus, Ohio :</marc:subfield><marc:subfield code="b">Center on Education and Training for Employment/OSU,</marc:subfield><marc:subfield code="c">1991.</marc:subfield></marc:datafield><marc:datafield tag="300" ind1=" " ind2=" "><marc:subfield code="a">80 p. :</marc:subfield><marc:subfield code="b">ill. ;</marc:subfield><marc:subfield code="c">28 cm.</marc:subfield></marc:datafield><marc:datafield tag="504" ind1=" " ind2=" "><marc:subfield code="a">Includes bibliographies and index.</marc:subfield></marc:datafield><marc:datafield tag="650" ind1=" " ind2="0"><marc:subfield code="a">Adult education.</marc:subfield></marc:datafield><marc:datafield tag="035" ind1=" " ind2=" "><marc:subfield code="a">(TxDaGIAL)37741100004676</marc:subfield></marc:datafield><marc:controlfield tag="005">20080624154322.0</marc:controlfield><marc:controlfield tag="001">135</marc:controlfield><marc:controlfield tag="003">TxDaGIAL</marc:controlfield><marc:datafield tag="852" ind1=" " ind2=" "><marc:subfield code="p">37741100004676</marc:subfield><marc:subfield code="a">Library</marc:subfield><marc:subfield code="9">$6.09</marc:subfield><marc:subfield code="x">COPYID:142</marc:subfield><marc:subfield code="x">FSC@aRegular@c19950605</marc:subfield><marc:subfield code="h">374 A152 1991</marc:subfield><marc:subfield code="z">B/T 5-95</marc:subfield></marc:datafield></marc:record>