
<marc:record><marc:leader>00914cam a2200253 a 4500</marc:leader>
<marc:controlfield tag="008">860403s1985    at       b    00000 eng  </marc:controlfield>
<marc:datafield tag="010" ind1=" " ind2=" "><marc:subfield code="a">   86140405 //r90</marc:subfield></marc:datafield><marc:datafield tag="020" ind1=" " ind2=" "><marc:subfield code="a">0868923222 (pbk.) :</marc:subfield><marc:subfield code="c">$4.75</marc:subfield></marc:datafield><marc:datafield tag="040" ind1=" " ind2=" "><marc:subfield code="a">DLC</marc:subfield><marc:subfield code="c">DLC</marc:subfield><marc:subfield code="d">DLC</marc:subfield></marc:datafield><marc:datafield tag="050" ind1="0" ind2="0"><marc:subfield code="a">PL7003</marc:subfield><marc:subfield code="b">.A26 1985</marc:subfield></marc:datafield><marc:datafield tag="082" ind1="0" ind2="0"><marc:subfield code="a">499/.15</marc:subfield><marc:subfield code="2">19</marc:subfield></marc:datafield><marc:datafield tag="245" ind1="0" ind2="0"><marc:subfield code="a">Aboriginal and islander grammars :</marc:subfield><marc:subfield code="b">collected papers /</marc:subfield><marc:subfield code="c">editor, S. Ray.</marc:subfield></marc:datafield><marc:datafield tag="260" ind1="0" ind2=" "><marc:subfield code="a">Darwin :</marc:subfield><marc:subfield code="b">Summer Institute of Linguistics, Australian Aborigines Branch,</marc:subfield><marc:subfield code="c">[1985]</marc:subfield></marc:datafield><marc:datafield tag="300" ind1=" " ind2=" "><marc:subfield code="a">vii, 118 p. ;</marc:subfield><marc:subfield code="c">26 cm.</marc:subfield></marc:datafield><marc:datafield tag="440" ind1=" " ind2="0"><marc:subfield code="a">Work papers of SIL-AAB.</marc:subfield><marc:subfield code="x">0810-9971.</marc:subfield><marc:subfield code="n">Series A. ;</marc:subfield><marc:subfield code="v">v. 9</marc:subfield></marc:datafield><marc:datafield tag="500" ind1=" " ind2=" "><marc:subfield code="a">&quot;November 1985.&quot;</marc:subfield></marc:datafield><marc:datafield tag="504" ind1=" " ind2=" "><marc:subfield code="a">Bibliography: p. 117-118.</marc:subfield></marc:datafield><marc:datafield tag="650" ind1=" " ind2="0"><marc:subfield code="a">Australian languages</marc:subfield><marc:subfield code="x">Grammar.</marc:subfield></marc:datafield><marc:datafield tag="700" ind1="1" ind2="0"><marc:subfield code="a">Ray, S.</marc:subfield><marc:subfield code="q">(Sandra),</marc:subfield><marc:subfield code="d">1945-</marc:subfield></marc:datafield><marc:datafield tag="035" ind1=" " ind2=" "><marc:subfield code="a">(TxDaGIAL)37741100010948</marc:subfield></marc:datafield><marc:controlfield tag="005">20080624154323.0</marc:controlfield><marc:controlfield tag="001">136</marc:controlfield><marc:controlfield tag="003">TxDaGIAL</marc:controlfield><marc:datafield tag="852" ind1=" " ind2=" "><marc:subfield code="p">37741100010948</marc:subfield><marc:subfield code="a">Library</marc:subfield><marc:subfield code="x">COPYID:143</marc:subfield><marc:subfield code="x">FSC@aRegular@c19960410</marc:subfield><marc:subfield code="h">499.15 A154 1985</marc:subfield><marc:subfield code="z">12070</marc:subfield></marc:datafield></marc:record>