
<marc:record><marc:leader>00810nam a2200241 a 4500</marc:leader>
<marc:controlfield tag="008">971022s1996    ilua          000 0 eng d</marc:controlfield>
<marc:datafield tag="020" ind1=" " ind2=" "><marc:subfield code="a">096089926x</marc:subfield></marc:datafield><marc:datafield tag="040" ind1=" " ind2=" "><marc:subfield code="a">TxDaGIAL</marc:subfield><marc:subfield code="c">TxDaGIAL</marc:subfield></marc:datafield><marc:datafield tag="082" ind1="0" ind2="4"><marc:subfield code="a">370.1523</marc:subfield><marc:subfield code="2">21</marc:subfield></marc:datafield><marc:datafield tag="100" ind1="1" ind2=" "><marc:subfield code="a">McCarthy, Bernice.</marc:subfield></marc:datafield><marc:datafield tag="245" ind1="1" ind2="0"><marc:subfield code="a">About learning /</marc:subfield><marc:subfield code="c">by Bernice McCarthy; illustrated by Carol Keene.</marc:subfield></marc:datafield><marc:datafield tag="260" ind1=" " ind2=" "><marc:subfield code="a">Barrington, Ill. :</marc:subfield><marc:subfield code="b">Excel,</marc:subfield><marc:subfield code="c">c1996.</marc:subfield></marc:datafield><marc:datafield tag="300" ind1=" " ind2=" "><marc:subfield code="a">vii, 452 p. :</marc:subfield><marc:subfield code="b">ill. ;</marc:subfield><marc:subfield code="c">24 cm.</marc:subfield></marc:datafield><marc:datafield tag="500" ind1=" " ind2=" "><marc:subfield code="a">Includes index.</marc:subfield></marc:datafield><marc:datafield tag="504" ind1=" " ind2=" "><marc:subfield code="a">Bibliography: p. 445-45o.</marc:subfield></marc:datafield><marc:datafield tag="546" ind1=" " ind2=" "><marc:subfield code="a">English.</marc:subfield></marc:datafield><marc:datafield tag="650" ind1=" " ind2="0"><marc:subfield code="a">Learning.</marc:subfield></marc:datafield><marc:datafield tag="650" ind1=" " ind2="0"><marc:subfield code="a">Learning, Psychology of.</marc:subfield></marc:datafield><marc:datafield tag="035" ind1=" " ind2=" "><marc:subfield code="a">(TxDaGIAL)37741100021282</marc:subfield></marc:datafield><marc:controlfield tag="005">20080624154323.0</marc:controlfield><marc:controlfield tag="001">139</marc:controlfield><marc:controlfield tag="003">TxDaGIAL</marc:controlfield><marc:datafield tag="852" ind1=" " ind2=" "><marc:subfield code="p">37741100021282</marc:subfield><marc:subfield code="a">Library</marc:subfield><marc:subfield code="9">$29.95</marc:subfield><marc:subfield code="x">FUND:LD-Lite</marc:subfield><marc:subfield code="x">COPYID:146</marc:subfield><marc:subfield code="x">FSC@aRegular@c19971022</marc:subfield><marc:subfield code="h">370.1523 M116a 1996</marc:subfield><marc:subfield code="z">Dir. Excel Service Center 10-97</marc:subfield></marc:datafield></marc:record>