
<marc:record><marc:leader>00945cam a2200265 a 4500</marc:leader>
<marc:controlfield tag="008">900928s1991    enk      b    00110 eng  </marc:controlfield>
<marc:datafield tag="010" ind1=" " ind2=" "><marc:subfield code="a">   90013584</marc:subfield></marc:datafield><marc:datafield tag="020" ind1=" " ind2=" "><marc:subfield code="a">1853591181 :</marc:subfield><marc:subfield code="c">$79.00 (U.S.)</marc:subfield></marc:datafield><marc:datafield tag="020" ind1=" " ind2=" "><marc:subfield code="a">1853591173 (pbk.) :</marc:subfield><marc:subfield code="c">$27.00 (U.S.)</marc:subfield></marc:datafield><marc:datafield tag="040" ind1=" " ind2=" "><marc:subfield code="a">DLC</marc:subfield><marc:subfield code="c">DLC</marc:subfield><marc:subfield code="d">DLC</marc:subfield></marc:datafield><marc:datafield tag="050" ind1="0" ind2="0"><marc:subfield code="a">P306</marc:subfield><marc:subfield code="b">.N468 1991</marc:subfield></marc:datafield><marc:datafield tag="082" ind1="0" ind2="0"><marc:subfield code="a">418/.02</marc:subfield><marc:subfield code="2">20</marc:subfield></marc:datafield><marc:datafield tag="100" ind1="1" ind2="0"><marc:subfield code="a">Newmark, Peter,</marc:subfield><marc:subfield code="d">1916-</marc:subfield></marc:datafield><marc:datafield tag="245" ind1="1" ind2="0"><marc:subfield code="a">About translation /</marc:subfield><marc:subfield code="c">Peter Newmark.</marc:subfield></marc:datafield><marc:datafield tag="260" ind1="0" ind2=" "><marc:subfield code="a">Clevedon [England] ;</marc:subfield><marc:subfield code="a">Philadelphia :</marc:subfield><marc:subfield code="b">Multilingual Matters,</marc:subfield><marc:subfield code="c">c1991.</marc:subfield></marc:datafield><marc:datafield tag="300" ind1=" " ind2=" "><marc:subfield code="a">viii, 184 p. ;</marc:subfield><marc:subfield code="c">22 cm.</marc:subfield></marc:datafield><marc:datafield tag="490" ind1="1" ind2=" "><marc:subfield code="a">Multilingual matters ;</marc:subfield><marc:subfield code="v">74</marc:subfield></marc:datafield><marc:datafield tag="504" ind1=" " ind2=" "><marc:subfield code="a">Includes bibliographical references (p. 175-178) and index.</marc:subfield></marc:datafield><marc:datafield tag="650" ind1=" " ind2="0"><marc:subfield code="a">Translating and interpreting.</marc:subfield></marc:datafield><marc:datafield tag="830" ind1=" " ind2="0"><marc:subfield code="a">Multilingual matters (Series) ;</marc:subfield><marc:subfield code="v">74.</marc:subfield></marc:datafield><marc:datafield tag="035" ind1=" " ind2=" "><marc:subfield code="a">(TxDaGIAL)37741100004885</marc:subfield></marc:datafield><marc:controlfield tag="005">20080624154323.0</marc:controlfield><marc:controlfield tag="001">140</marc:controlfield><marc:controlfield tag="003">TxDaGIAL</marc:controlfield><marc:datafield tag="852" ind1=" " ind2=" "><marc:subfield code="p">37741100004885</marc:subfield><marc:subfield code="a">Library</marc:subfield><marc:subfield code="9">$30.40</marc:subfield><marc:subfield code="x">COPYID:147</marc:subfield><marc:subfield code="x">FSC@aRegular@c19950612</marc:subfield><marc:subfield code="h">418.02 N556a 1991</marc:subfield><marc:subfield code="z">B/T 6-92</marc:subfield></marc:datafield></marc:record>