
<marc:record><marc:leader>00993cas a2200313   4500</marc:leader>
<marc:controlfield tag="008">750720c19709999ctubx1   a    0   a0eng d</marc:controlfield>
<marc:datafield tag="010" ind1=" " ind2=" "><marc:subfield code="a">   77020528</marc:subfield></marc:datafield><marc:datafield tag="022" ind1=" " ind2=" "><marc:subfield code="a">0001-3455</marc:subfield></marc:datafield><marc:datafield tag="035" ind1=" " ind2=" "><marc:subfield code="a">(OCoLC)1460581</marc:subfield></marc:datafield><marc:datafield tag="035" ind1=" " ind2=" "><marc:subfield code="a">(DNLM)A01200000(s)</marc:subfield></marc:datafield><marc:datafield tag="040" ind1=" " ind2=" "><marc:subfield code="a">MnMULS</marc:subfield><marc:subfield code="c">MnMULS</marc:subfield><marc:subfield code="d">NAlULS</marc:subfield><marc:subfield code="d">NSDP</marc:subfield><marc:subfield code="d">DLC</marc:subfield><marc:subfield code="d">NSDP</marc:subfield><marc:subfield code="d">OCoLC</marc:subfield><marc:subfield code="d">OCoLC</marc:subfield></marc:datafield><marc:datafield tag="042" ind1=" " ind2=" "><marc:subfield code="a">nsdp</marc:subfield><marc:subfield code="a">lc</marc:subfield></marc:datafield><marc:datafield tag="050" ind1="0" ind2="0"><marc:subfield code="a">GN1</marc:subfield><marc:subfield code="b">.A15</marc:subfield></marc:datafield><marc:datafield tag="060" ind1="0" ind2=" "><marc:subfield code="a">Z 5112 A164</marc:subfield></marc:datafield><marc:datafield tag="082" ind1=" " ind2=" "><marc:subfield code="a">306/.05</marc:subfield></marc:datafield><marc:datafield tag="222" ind1=" " ind2="0"><marc:subfield code="a">Abstracts in anthropology.</marc:subfield></marc:datafield><marc:datafield tag="245" ind1="0" ind2="0"><marc:subfield code="a">Abstracts in anthropology.</marc:subfield></marc:datafield><marc:datafield tag="260" ind1=" " ind2=" "><marc:subfield code="a">[Westport, Conn.] :</marc:subfield><marc:subfield code="b">Greenwood Press [etc.]</marc:subfield></marc:datafield><marc:datafield tag="300" ind1=" " ind2=" "><marc:subfield code="a">v. ;</marc:subfield><marc:subfield code="c">26 cm.</marc:subfield></marc:datafield><marc:datafield tag="310" ind1=" " ind2=" "><marc:subfield code="a">8 issues a year, in two volumes,</marc:subfield><marc:subfield code="b">1987</marc:subfield></marc:datafield><marc:datafield tag="321" ind1=" " ind2=" "><marc:subfield code="a">Quarterly,</marc:subfield><marc:subfield code="b"> -1986.</marc:subfield></marc:datafield><marc:datafield tag="362" ind1="0" ind2=" "><marc:subfield code="a">v. 1-   Feb. 1970-</marc:subfield></marc:datafield><marc:datafield tag="650" ind1=" " ind2="0"><marc:subfield code="a">Anthropology</marc:subfield><marc:subfield code="v">Abstracts</marc:subfield><marc:subfield code="v">Periodicals.</marc:subfield></marc:datafield><marc:datafield tag="650" ind1=" " ind2="0"><marc:subfield code="a">Language and languages</marc:subfield><marc:subfield code="v">Abstracts</marc:subfield><marc:subfield code="v">Periodicals.</marc:subfield></marc:datafield><marc:datafield tag="035" ind1=" " ind2=" "><marc:subfield code="a">(TxDaGIAL)37741200000037</marc:subfield></marc:datafield><marc:controlfield tag="005">20080624154324.0</marc:controlfield><marc:controlfield tag="001">144</marc:controlfield><marc:controlfield tag="003">TxDaGIAL</marc:controlfield><marc:datafield tag="852" ind1=" " ind2=" "><marc:subfield code="p">37741200000037</marc:subfield><marc:subfield code="a">Library</marc:subfield><marc:subfield code="x">COPYID:151</marc:subfield><marc:subfield code="x">FSC@aReference@c19950131</marc:subfield><marc:subfield code="h">REF 306.05 A164</marc:subfield></marc:datafield></marc:record>