
<marc:record><marc:leader>00773nam a2200217 a 4500</marc:leader>
<marc:controlfield tag="008">970710s1986    ilu           000 0 eng d</marc:controlfield>
<marc:datafield tag="040" ind1=" " ind2=" "><marc:subfield code="a">TxDaGIAL</marc:subfield><marc:subfield code="c">TxDaGIAL</marc:subfield></marc:datafield><marc:datafield tag="100" ind1="1" ind2=" "><marc:subfield code="a">Titrud, Kermit.</marc:subfield></marc:datafield><marc:datafield tag="245" ind1="1" ind2="4"><marc:subfield code="a">The abused k ga s /</marc:subfield><marc:subfield code="c">by Kermit Titrud.</marc:subfield></marc:datafield><marc:datafield tag="260" ind1=" " ind2=" "><marc:subfield code="c">1986.</marc:subfield></marc:datafield><marc:datafield tag="300" ind1=" " ind2=" "><marc:subfield code="a">x, 131 leaves ;</marc:subfield><marc:subfield code="c">29 cm.</marc:subfield></marc:datafield><marc:datafield tag="502" ind1=" " ind2=" "><marc:subfield code="a">Thesis (M.A.)--Trinity Evangelical Divinity School, 1986.</marc:subfield></marc:datafield><marc:datafield tag="504" ind1=" " ind2=" "><marc:subfield code="a">Bibliography : leaves 124-131.</marc:subfield></marc:datafield><marc:datafield tag="650" ind1=" " ind2="0"><marc:subfield code="a">Greek language, Biblical</marc:subfield><marc:subfield code="x">Terms and phrases.</marc:subfield></marc:datafield><marc:datafield tag="630" ind1="0" ind2="0"><marc:subfield code="a">Bible.</marc:subfield><marc:subfield code="p">N.T.</marc:subfield><marc:subfield code="p">Peter, 2nd.</marc:subfield><marc:subfield code="l">Greek.</marc:subfield></marc:datafield><marc:datafield tag="610" ind1="2" ind2="0"><marc:subfield code="a">Trinity Evangelical Divinity School</marc:subfield><marc:subfield code="x">Dissertations.</marc:subfield></marc:datafield><marc:datafield tag="035" ind1=" " ind2=" "><marc:subfield code="a">(TxDaGIAL)37741100018960</marc:subfield></marc:datafield><marc:controlfield tag="005">20080624154325.0</marc:controlfield><marc:controlfield tag="001">147</marc:controlfield><marc:controlfield tag="003">TxDaGIAL</marc:controlfield><marc:datafield tag="852" ind1=" " ind2=" "><marc:subfield code="p">37741100018960</marc:subfield><marc:subfield code="a">Library</marc:subfield><marc:subfield code="x">COPYID:154</marc:subfield><marc:subfield code="x">FSC@aRegular@c19970711</marc:subfield><marc:subfield code="h">487.4 T621a 1986</marc:subfield><marc:subfield code="z">12069</marc:subfield></marc:datafield></marc:record>