
<marc:record><marc:leader>00641nam a22001937i 4500</marc:leader>
<marc:controlfield tag="008">790517 1978||||   |||| ||||||0|||||eng| </marc:controlfield>
<marc:datafield tag="010" ind1=" " ind2=" "><marc:subfield code="a">   79109965</marc:subfield></marc:datafield><marc:datafield tag="040" ind1=" " ind2=" "><marc:subfield code="a">DLC</marc:subfield><marc:subfield code="c">DLC</marc:subfield><marc:subfield code="d">TxDaGIAL</marc:subfield></marc:datafield><marc:datafield tag="050" ind1="0" ind2=" "><marc:subfield code="a">MLCM 83/6522 (L)</marc:subfield></marc:datafield><marc:datafield tag="100" ind1="1" ind2=" "><marc:subfield code="a">Silvey, Jonathan.</marc:subfield></marc:datafield><marc:datafield tag="245" ind1="1" ind2="0"><marc:subfield code="a">Academic success in PNG high schools /</marc:subfield><marc:subfield code="c">Jonathan Silvey.</marc:subfield></marc:datafield><marc:datafield tag="260" ind1=" " ind2=" "><marc:subfield code="a">Papua New Guinea :</marc:subfield><marc:subfield code="b">Educational Research Unit,</marc:subfield><marc:subfield code="c">1978.</marc:subfield></marc:datafield><marc:datafield tag="300" ind1=" " ind2=" "><marc:subfield code="a">32 p. ;</marc:subfield><marc:subfield code="c">29 cm.</marc:subfield></marc:datafield><marc:datafield tag="440" ind1=" " ind2="0"><marc:subfield code="a">E.R.U. research report ;</marc:subfield><marc:subfield code="v">no. 26</marc:subfield></marc:datafield><marc:datafield tag="035" ind1=" " ind2=" "><marc:subfield code="a">(TxDaGIAL)37741100008218</marc:subfield></marc:datafield><marc:controlfield tag="005">20080624154325.0</marc:controlfield><marc:controlfield tag="001">148</marc:controlfield><marc:controlfield tag="003">TxDaGIAL</marc:controlfield><marc:datafield tag="852" ind1=" " ind2=" "><marc:subfield code="p">37741100008218</marc:subfield><marc:subfield code="a">Library</marc:subfield><marc:subfield code="x">COPYID:155</marc:subfield><marc:subfield code="x">FSC@aRegular@c19950915</marc:subfield><marc:subfield code="h">370.9953 E73 no.26 1978</marc:subfield></marc:datafield></marc:record>