
<marc:record><marc:leader>00877nam a2200229 a 4500</marc:leader>
<marc:controlfield tag="008">711202s1963    miua          000 0 eng  </marc:controlfield>
<marc:datafield tag="035" ind1=" " ind2=" "><marc:subfield code="a">(CU-UC)dlaisn920662</marc:subfield></marc:datafield><marc:datafield tag="100" ind1="1" ind2=" "><marc:subfield code="a">Lehiste, Ilse.</marc:subfield></marc:datafield><marc:datafield tag="245" ind1="1" ind2="0"><marc:subfield code="a">Accent in Serbocroation :</marc:subfield><marc:subfield code="b">an experimental study /</marc:subfield><marc:subfield code="c">[by] Ilse Lehiste and Pavle Ivic.</marc:subfield></marc:datafield><marc:datafield tag="260" ind1=" " ind2=" "><marc:subfield code="a">Ann Arbor :</marc:subfield><marc:subfield code="b">[University of Michigan, Dept. of Slavic Languages and Literatures],</marc:subfield><marc:subfield code="c">1963.</marc:subfield></marc:datafield><marc:datafield tag="300" ind1=" " ind2=" "><marc:subfield code="a">142 p. :</marc:subfield><marc:subfield code="b">illus., map. ;</marc:subfield><marc:subfield code="c">28 cm.</marc:subfield></marc:datafield><marc:datafield tag="490" ind1="1" ind2=" "><marc:subfield code="a">Michigan Slavic materials ;</marc:subfield><marc:subfield code="v">no. 4</marc:subfield></marc:datafield><marc:datafield tag="504" ind1=" " ind2=" "><marc:subfield code="a">Bibliography: p. 136-142.</marc:subfield></marc:datafield><marc:datafield tag="546" ind1=" " ind2=" "><marc:subfield code="a">English.</marc:subfield></marc:datafield><marc:datafield tag="650" ind1=" " ind2="0"><marc:subfield code="a">Serbo-Croatian language</marc:subfield><marc:subfield code="x">Accents and accentuation.</marc:subfield></marc:datafield><marc:datafield tag="700" ind1="1" ind2="0"><marc:subfield code="a">Ivi, Pavle.</marc:subfield></marc:datafield><marc:datafield tag="830" ind1=" " ind2="0"><marc:subfield code="a">Michigan Slavic materials ;</marc:subfield><marc:subfield code="v">no. 4.</marc:subfield></marc:datafield><marc:datafield tag="035" ind1=" " ind2=" "><marc:subfield code="a">(TxDaGIAL)37741100014516</marc:subfield></marc:datafield><marc:controlfield tag="005">20080624154325.0</marc:controlfield><marc:controlfield tag="001">149</marc:controlfield><marc:controlfield tag="003">TxDaGIAL</marc:controlfield><marc:datafield tag="852" ind1=" " ind2=" "><marc:subfield code="p">37741100014516</marc:subfield><marc:subfield code="a">Library</marc:subfield><marc:subfield code="x">COPYID:156</marc:subfield><marc:subfield code="x">FSC@aRegular@c19970121</marc:subfield><marc:subfield code="h">491.82 L522a 1963</marc:subfield><marc:subfield code="z">2419</marc:subfield></marc:datafield></marc:record>