
<marc:record><marc:leader>01100cam a2200265 i 4500</marc:leader>
<marc:controlfield tag="008">720919m19731974nyua          00010 eng  </marc:controlfield>
<marc:datafield tag="010" ind1=" " ind2=" "><marc:subfield code="a">   72008833 //r873</marc:subfield></marc:datafield><marc:datafield tag="020" ind1=" " ind2=" "><marc:subfield code="a">0070073953 (v. 1)</marc:subfield></marc:datafield><marc:datafield tag="020" ind1=" " ind2=" "><marc:subfield code="a">0070073996 (v. 2)</marc:subfield></marc:datafield><marc:datafield tag="040" ind1=" " ind2=" "><marc:subfield code="a">DLC</marc:subfield><marc:subfield code="c">DLC</marc:subfield></marc:datafield><marc:datafield tag="050" ind1="1" ind2=" "><marc:subfield code="a">PE1128</marc:subfield><marc:subfield code="b">.B67</marc:subfield></marc:datafield><marc:datafield tag="082" ind1=" " ind2=" "><marc:subfield code="a">428/.2/4</marc:subfield></marc:datafield><marc:datafield tag="100" ind1="1" ind2="0"><marc:subfield code="a">Breckenridge, Robert G.</marc:subfield></marc:datafield><marc:datafield tag="245" ind1="1" ind2="0"><marc:subfield code="a">Access to English as a second language /</marc:subfield><marc:subfield code="c">[by] Robert G. Breckenridge.</marc:subfield></marc:datafield><marc:datafield tag="260" ind1="0" ind2=" "><marc:subfield code="a">New York :</marc:subfield><marc:subfield code="b">McGraw-Hill,</marc:subfield><marc:subfield code="c">[c1973-74]</marc:subfield></marc:datafield><marc:datafield tag="300" ind1=" " ind2=" "><marc:subfield code="a">2 v. + workbook for vol. 2 :</marc:subfield><marc:subfield code="b">illus. ;</marc:subfield><marc:subfield code="c">29 cm.</marc:subfield></marc:datafield><marc:datafield tag="650" ind1=" " ind2="0"><marc:subfield code="a">English language</marc:subfield><marc:subfield code="v">Textbooks for foreign speakers.</marc:subfield></marc:datafield><marc:datafield tag="035" ind1=" " ind2=" "><marc:subfield code="a">(TxDaGIAL)37741100005290</marc:subfield></marc:datafield><marc:controlfield tag="005">20080624154325.0</marc:controlfield><marc:controlfield tag="001">151</marc:controlfield><marc:controlfield tag="003">TxDaGIAL</marc:controlfield><marc:datafield tag="852" ind1=" " ind2=" "><marc:subfield code="p">37741100005290</marc:subfield><marc:subfield code="a">Library</marc:subfield><marc:subfield code="x">COPYID:158</marc:subfield><marc:subfield code="x">FSC@aRegular@c19950627</marc:subfield><marc:subfield code="h">428.24 B829a vol.1 1973</marc:subfield></marc:datafield><marc:datafield tag="852" ind1=" " ind2=" "><marc:subfield code="p">37741100005291</marc:subfield><marc:subfield code="a">Library</marc:subfield><marc:subfield code="x">COPYID:159</marc:subfield><marc:subfield code="x">FSC@aRegular@c19950627</marc:subfield><marc:subfield code="h">428.24 B829a vol.1 1973</marc:subfield><marc:subfield code="z">1835</marc:subfield></marc:datafield><marc:datafield tag="852" ind1=" " ind2=" "><marc:subfield code="p">37741100005292</marc:subfield><marc:subfield code="a">Library</marc:subfield><marc:subfield code="x">COPYID:160</marc:subfield><marc:subfield code="x">FSC@aRegular@c19950627</marc:subfield><marc:subfield code="h">428.24 B829a vol.2 1974</marc:subfield><marc:subfield code="z">1792</marc:subfield></marc:datafield><marc:datafield tag="852" ind1=" " ind2=" "><marc:subfield code="p">37741100005293</marc:subfield><marc:subfield code="a">Library</marc:subfield><marc:subfield code="x">COPYID:161</marc:subfield><marc:subfield code="x">FSC@aRegular@c19950627</marc:subfield><marc:subfield code="h">428.24 B829a vol.2 1974w</marc:subfield><marc:subfield code="z">9819</marc:subfield></marc:datafield></marc:record>