
<marc:record><marc:leader>00842nam a22002291  4500</marc:leader>
<marc:controlfield tag="008">940714s1987    xxu           000 0 eng d</marc:controlfield>
<marc:datafield tag="010" ind1=" " ind2=" "><marc:subfield code="a">87-13658 //r89</marc:subfield></marc:datafield><marc:datafield tag="020" ind1=" " ind2=" "><marc:subfield code="a">0802803164 (Eerdmans : pbk.)</marc:subfield></marc:datafield><marc:datafield tag="040" ind1=" " ind2=" "><marc:subfield code="a">DLC</marc:subfield><marc:subfield code="c">DLC</marc:subfield><marc:subfield code="d">TxDaGIAL</marc:subfield></marc:datafield><marc:datafield tag="050" ind1=" " ind2=" "><marc:subfield code="a">BS2592.3</marc:subfield><marc:subfield code="b">.G66 1987</marc:subfield></marc:datafield><marc:datafield tag="082" ind1=" " ind2=" "><marc:subfield code="a">226.4/07</marc:subfield><marc:subfield code="2">20</marc:subfield></marc:datafield><marc:datafield tag="100" ind1="1" ind2=" "><marc:subfield code="a">Gooding, D. W.</marc:subfield><marc:subfield code="q">(David Willoughby)</marc:subfield></marc:datafield><marc:datafield tag="245" ind1="1" ind2="0"><marc:subfield code="a">According to Luke :</marc:subfield><marc:subfield code="b">a new exposition of the Third Gospel /</marc:subfield><marc:subfield code="c">David Gooding.</marc:subfield></marc:datafield><marc:datafield tag="260" ind1=" " ind2=" "><marc:subfield code="a">Leicester, England :</marc:subfield><marc:subfield code="b">Inter-Varsity Press ;</marc:subfield><marc:subfield code="a">Grand Rapids, Mich. :</marc:subfield><marc:subfield code="b">W.B. Eerdmans.,</marc:subfield><marc:subfield code="c">1987.</marc:subfield></marc:datafield><marc:datafield tag="300" ind1=" " ind2=" "><marc:subfield code="a">362 p. ;</marc:subfield><marc:subfield code="c">21 cm.</marc:subfield></marc:datafield><marc:datafield tag="504" ind1=" " ind2=" "><marc:subfield code="a">Includes bibliographical references.</marc:subfield></marc:datafield><marc:datafield tag="630" ind1="0" ind2="0"><marc:subfield code="a">Bible.</marc:subfield><marc:subfield code="p">N.T.</marc:subfield><marc:subfield code="p">Luke</marc:subfield><marc:subfield code="v">Commentaries.</marc:subfield></marc:datafield><marc:datafield tag="035" ind1=" " ind2=" "><marc:subfield code="a">(TxDaGIAL)37741100000085</marc:subfield></marc:datafield><marc:controlfield tag="005">20080624154326.0</marc:controlfield><marc:controlfield tag="001">153</marc:controlfield><marc:controlfield tag="003">TxDaGIAL</marc:controlfield><marc:datafield tag="852" ind1=" " ind2=" "><marc:subfield code="p">37741100000085</marc:subfield><marc:subfield code="a">Library</marc:subfield><marc:subfield code="x">COPYID:163</marc:subfield><marc:subfield code="x">FSC@aRegular@c19940623</marc:subfield><marc:subfield code="h">226.4 G651a 1987</marc:subfield></marc:datafield></marc:record>