
<marc:record><marc:leader>01330cam a2200217Ii 4500</marc:leader>
<marc:controlfield tag="008">760401s1940    nyu      b    001 0 engm </marc:controlfield>
<marc:datafield tag="040" ind1=" " ind2=" "><marc:subfield code="a">DLC</marc:subfield><marc:subfield code="c">ABC</marc:subfield><marc:subfield code="d">SER</marc:subfield><marc:subfield code="d">AZU</marc:subfield></marc:datafield><marc:datafield tag="050" ind1="0" ind2=" "><marc:subfield code="a">E98.C9</marc:subfield><marc:subfield code="b">L6</marc:subfield></marc:datafield><marc:datafield tag="100" ind1="1" ind2=" "><marc:subfield code="a">Linton, Ralph,</marc:subfield><marc:subfield code="d">1893-1953.</marc:subfield></marc:datafield><marc:datafield tag="245" ind1="1" ind2="0"><marc:subfield code="a">Acculturation in seven American Indian tribes /</marc:subfield><marc:subfield code="c">edited by Ralph Linton.</marc:subfield></marc:datafield><marc:datafield tag="260" ind1=" " ind2=" "><marc:subfield code="a">New York ;</marc:subfield><marc:subfield code="a">London :</marc:subfield><marc:subfield code="b">D. Appleton-Century Company, Incorporated,</marc:subfield><marc:subfield code="c">[c1940]</marc:subfield></marc:datafield><marc:datafield tag="300" ind1=" " ind2=" "><marc:subfield code="a">xiii, 526 p. ;</marc:subfield><marc:subfield code="c">23 cm.</marc:subfield></marc:datafield><marc:datafield tag="505" ind1="0" ind2=" "><marc:subfield code="a">Introduction, by Ralph Linton.--The Puyallup of Washington, by Marian W. Smith.--The White Knife Shoshoni of Nevada, by J. S. Harris.--The southern Ute of Colorado, by M. K. Opler.--The northern Arapaho of Wyoming, by Henry Elkin.--The Fox of Iowa, by Natalie F. Joffe.--The Alkatcho Carrier of British Columbia, by Irving Goldman.--The San Ildefonso of New Mexico, by William Whitman.--Acculturation and the processes of culture change, by Ralph Linton.--The processes of culture transfer, by Ralph Linton.--The distinctive aspects of acculturation, by Ralph Linton.</marc:subfield></marc:datafield><marc:datafield tag="504" ind1=" " ind2=" "><marc:subfield code="a">Bibliography at end of most of the chapters.</marc:subfield></marc:datafield><marc:datafield tag="650" ind1=" " ind2="0"><marc:subfield code="a">Indians of North America.</marc:subfield></marc:datafield><marc:datafield tag="650" ind1=" " ind2="0"><marc:subfield code="a">Acculturation.</marc:subfield></marc:datafield><marc:datafield tag="035" ind1=" " ind2=" "><marc:subfield code="a">(TxDaGIAL)37741100016930</marc:subfield></marc:datafield><marc:controlfield tag="005">20080624154326.0</marc:controlfield><marc:controlfield tag="001">155</marc:controlfield><marc:controlfield tag="003">TxDaGIAL</marc:controlfield><marc:datafield tag="852" ind1=" " ind2=" "><marc:subfield code="p">37741100016930</marc:subfield><marc:subfield code="a">Library</marc:subfield><marc:subfield code="x">COPYID:166</marc:subfield><marc:subfield code="x">FSC@aRegular@c19970421</marc:subfield><marc:subfield code="h">970.00497 L761a 1940</marc:subfield><marc:subfield code="z">725</marc:subfield></marc:datafield></marc:record>