
<marc:record><marc:leader>01114cam a2200277 i 4500</marc:leader>
<marc:controlfield tag="008">770617s1976    mx       b   f00110 spa  </marc:controlfield>
<marc:datafield tag="010" ind1=" " ind2=" "><marc:subfield code="a">   77474024</marc:subfield></marc:datafield><marc:datafield tag="035" ind1=" " ind2=" "><marc:subfield code="a">DCLC77474024-B</marc:subfield></marc:datafield><marc:datafield tag="035" ind1=" " ind2=" "><marc:subfield code="a">(CStRLIN)C77474024-B</marc:subfield></marc:datafield><marc:datafield tag="050" ind1="0" ind2=" "><marc:subfield code="a">P40</marc:subfield><marc:subfield code="b">.S25 1976</marc:subfield></marc:datafield><marc:datafield tag="100" ind1="1" ind2="0"><marc:subfield code="a">Sanchez-Marco, Francisco,</marc:subfield><marc:subfield code="d">1944-</marc:subfield></marc:datafield><marc:datafield tag="245" ind1="1" ind2="0"><marc:subfield code="a">Acercamiento histrico a la sociolingstica /</marc:subfield><marc:subfield code="c">Francisco Snchez-Marco.</marc:subfield></marc:datafield><marc:datafield tag="250" ind1=" " ind2=" "><marc:subfield code="a">1. ed.</marc:subfield></marc:datafield><marc:datafield tag="260" ind1="0" ind2=" "><marc:subfield code="a">Tlalpan, Mxico :</marc:subfield><marc:subfield code="b">Centro de Investigaciones Superiores, Instituto Nacional de Antropologa e Historia,</marc:subfield><marc:subfield code="c">1976.</marc:subfield></marc:datafield><marc:datafield tag="300" ind1=" " ind2=" "><marc:subfield code="a">263 p. ;</marc:subfield><marc:subfield code="c">21 cm.</marc:subfield></marc:datafield><marc:datafield tag="500" ind1=" " ind2=" "><marc:subfield code="a">A revision of the author's thesis (maestra en antropologa social), Universidad Iberoamericana, 1974.</marc:subfield></marc:datafield><marc:datafield tag="500" ind1=" " ind2=" "><marc:subfield code="a">Includes index.</marc:subfield></marc:datafield><marc:datafield tag="504" ind1=" " ind2=" "><marc:subfield code="a">Bibliography: p. 199-242.</marc:subfield></marc:datafield><marc:datafield tag="650" ind1=" " ind2="0"><marc:subfield code="a">Sociolinguistics.</marc:subfield></marc:datafield><marc:datafield tag="650" ind1=" " ind2="0"><marc:subfield code="a">Anthropological linguistics.</marc:subfield></marc:datafield><marc:datafield tag="650" ind1=" " ind2="0"><marc:subfield code="a">Linguistics</marc:subfield><marc:subfield code="x">History.</marc:subfield></marc:datafield><marc:datafield tag="035" ind1=" " ind2=" "><marc:subfield code="a">(TxDaGIAL)37741100023233</marc:subfield></marc:datafield><marc:controlfield tag="005">20080624154327.0</marc:controlfield><marc:controlfield tag="001">157</marc:controlfield><marc:controlfield tag="003">TxDaGIAL</marc:controlfield><marc:datafield tag="852" ind1=" " ind2=" "><marc:subfield code="p">37741100023233</marc:subfield><marc:subfield code="a">Library</marc:subfield><marc:subfield code="b">Kenneth L. Pike Coll</marc:subfield><marc:subfield code="9">$0.00</marc:subfield><marc:subfield code="x">FUND:Gift</marc:subfield><marc:subfield code="x">COPYID:168</marc:subfield><marc:subfield code="x">FSC@aRegular@c19990601</marc:subfield><marc:subfield code="h">306.44 S211 1976</marc:subfield><marc:subfield code="z">Gift Kenneth L. Pike 11-98</marc:subfield></marc:datafield></marc:record>