
<marc:record><marc:leader>00782nam a2200241Ia 4500</marc:leader>
<marc:controlfield tag="008">850425s1959    sw a     b    00010 eng d</marc:controlfield>
<marc:datafield tag="035" ind1=" " ind2=" "><marc:subfield code="a">(CU-UC)dlaisn6241565</marc:subfield></marc:datafield><marc:datafield tag="040" ind1=" " ind2=" "><marc:subfield code="a">MYG</marc:subfield><marc:subfield code="c">MYG</marc:subfield><marc:subfield code="d">CLU</marc:subfield></marc:datafield><marc:datafield tag="100" ind1="1" ind2="0"><marc:subfield code="a">Fant, Gunnar.</marc:subfield></marc:datafield><marc:datafield tag="245" ind1="1" ind2="0"><marc:subfield code="a">Acoustic analysis and synthesis of speech with applications to Swedish /</marc:subfield><marc:subfield code="c">by Gunnar Fant.</marc:subfield></marc:datafield><marc:datafield tag="260" ind1="0" ind2=" "><marc:subfield code="a">[Stockholm] :</marc:subfield><marc:subfield code="b">Ericsson,</marc:subfield><marc:subfield code="c">1959.</marc:subfield></marc:datafield><marc:datafield tag="300" ind1=" " ind2=" "><marc:subfield code="a">108 p. :</marc:subfield><marc:subfield code="b">ill. ;</marc:subfield><marc:subfield code="c">25 cm.</marc:subfield></marc:datafield><marc:datafield tag="500" ind1=" " ind2=" "><marc:subfield code="a">Title from cover.</marc:subfield></marc:datafield><marc:datafield tag="504" ind1=" " ind2=" "><marc:subfield code="a">Bibliography: p. 104-106.</marc:subfield></marc:datafield><marc:datafield tag="546" ind1=" " ind2=" "><marc:subfield code="a">English.</marc:subfield></marc:datafield><marc:datafield tag="650" ind1=" " ind2="0"><marc:subfield code="a">Speech.</marc:subfield></marc:datafield><marc:datafield tag="650" ind1=" " ind2="0"><marc:subfield code="a">Sound</marc:subfield><marc:subfield code="x">Measurement.</marc:subfield></marc:datafield><marc:datafield tag="650" ind1=" " ind2="0"><marc:subfield code="a">Swedish language</marc:subfield><marc:subfield code="x">Phonetics.</marc:subfield></marc:datafield><marc:datafield tag="035" ind1=" " ind2=" "><marc:subfield code="a">(TxDaGIAL)37741100014847</marc:subfield></marc:datafield><marc:controlfield tag="005">20080624154327.0</marc:controlfield><marc:controlfield tag="001">159</marc:controlfield><marc:controlfield tag="003">TxDaGIAL</marc:controlfield><marc:datafield tag="852" ind1=" " ind2=" "><marc:subfield code="p">37741100014847</marc:subfield><marc:subfield code="a">Library</marc:subfield><marc:subfield code="x">COPYID:170</marc:subfield><marc:subfield code="x">FSC@aRegular@c19970203</marc:subfield><marc:subfield code="h">534 F216a 1959</marc:subfield><marc:subfield code="z">2297</marc:subfield></marc:datafield></marc:record>