
<marc:record><marc:leader>00865cam a2200217 a 4500</marc:leader>
<marc:controlfield tag="008">870701s1987    inu           00010 eng d</marc:controlfield>
<marc:datafield tag="035" ind1=" " ind2=" "><marc:subfield code="a">(CU-UC)dlaisn4654377</marc:subfield></marc:datafield><marc:datafield tag="040" ind1=" " ind2=" "><marc:subfield code="a">GZM</marc:subfield><marc:subfield code="c">GZM</marc:subfield><marc:subfield code="d">UIU</marc:subfield><marc:subfield code="d">CU-S</marc:subfield></marc:datafield><marc:datafield tag="100" ind1="1" ind2="0"><marc:subfield code="a">Ansel, Beth M.</marc:subfield></marc:datafield><marc:datafield tag="245" ind1="1" ind2="0"><marc:subfield code="a">Acoustic predictors of speech intelligibility in cerebral palsied-dysarthric adults /</marc:subfield><marc:subfield code="c">by Beth M. Ansel.</marc:subfield></marc:datafield><marc:datafield tag="260" ind1="0" ind2=" "><marc:subfield code="a">Bloomington, Ind. :</marc:subfield><marc:subfield code="b">Indiana University Linguistics Club,</marc:subfield><marc:subfield code="c">1987.</marc:subfield></marc:datafield><marc:datafield tag="300" ind1=" " ind2=" "><marc:subfield code="a">vii, 57 p. ;</marc:subfield><marc:subfield code="c">28 cm.</marc:subfield></marc:datafield><marc:datafield tag="500" ind1=" " ind2=" "><marc:subfield code="a">Originally presented as the author's thesis (Ph.D.)--University of Wisconsin-Madison, 1985.</marc:subfield></marc:datafield><marc:datafield tag="504" ind1=" " ind2=" "><marc:subfield code="a">Bibliography: p. 50-57.</marc:subfield></marc:datafield><marc:datafield tag="650" ind1=" " ind2="0"><marc:subfield code="a">Articulation disorders.</marc:subfield></marc:datafield><marc:datafield tag="650" ind1=" " ind2="0"><marc:subfield code="a">Cerebral palsied</marc:subfield><marc:subfield code="x">Language.</marc:subfield></marc:datafield><marc:datafield tag="035" ind1=" " ind2=" "><marc:subfield code="a">(TxDaGIAL)37741100013717</marc:subfield></marc:datafield><marc:controlfield tag="005">20080624154328.0</marc:controlfield><marc:controlfield tag="001">166</marc:controlfield><marc:controlfield tag="003">TxDaGIAL</marc:controlfield><marc:datafield tag="852" ind1=" " ind2=" "><marc:subfield code="p">37741100013717</marc:subfield><marc:subfield code="a">Library</marc:subfield><marc:subfield code="x">COPYID:178</marc:subfield><marc:subfield code="x">FSC@aRegular@c19961108</marc:subfield><marc:subfield code="h">616.8552 A618a 1987</marc:subfield><marc:subfield code="z">12770</marc:subfield></marc:datafield></marc:record>