
<marc:record><marc:leader>01130cam a2200301 i 4500</marc:leader>
<marc:controlfield tag="008">800912s1979    gw       b    00010 eng  </marc:controlfield>
<marc:datafield tag="010" ind1=" " ind2=" "><marc:subfield code="a">   80492665 //r902</marc:subfield></marc:datafield><marc:datafield tag="015" ind1=" " ind2=" "><marc:subfield code="a">GFR79-A</marc:subfield></marc:datafield><marc:datafield tag="020" ind1=" " ind2=" "><marc:subfield code="a">3880980217 :</marc:subfield><marc:subfield code="c">DM19.80</marc:subfield></marc:datafield><marc:datafield tag="040" ind1=" " ind2=" "><marc:subfield code="a">DLC</marc:subfield><marc:subfield code="c">DLC</marc:subfield><marc:subfield code="d">DLC</marc:subfield></marc:datafield><marc:datafield tag="043" ind1=" " ind2=" "><marc:subfield code="a">f------</marc:subfield></marc:datafield><marc:datafield tag="050" ind1="0" ind2="0"><marc:subfield code="a">PC2068.A4</marc:subfield><marc:subfield code="b">K8</marc:subfield></marc:datafield><marc:datafield tag="082" ind1="0" ind2="0"><marc:subfield code="a">404/.2</marc:subfield><marc:subfield code="2">19</marc:subfield></marc:datafield><marc:datafield tag="100" ind1="1" ind2="0"><marc:subfield code="a">Kwofie, Emmanuel N.</marc:subfield></marc:datafield><marc:datafield tag="245" ind1="1" ind2="4"><marc:subfield code="a">The acquisition and use of French as a second language in Africa :</marc:subfield><marc:subfield code="b">(sociolingustic, historical-comparative and methodological perspectives) /</marc:subfield><marc:subfield code="c">Emmanuel N. Kwofie.</marc:subfield></marc:datafield><marc:datafield tag="260" ind1="0" ind2=" "><marc:subfield code="a">Grossen-Linden :</marc:subfield><marc:subfield code="b">Hoffmann,</marc:subfield><marc:subfield code="c">1979.</marc:subfield></marc:datafield><marc:datafield tag="300" ind1=" " ind2=" "><marc:subfield code="a">ii, 122 p. ;</marc:subfield><marc:subfield code="c">21 cm.</marc:subfield></marc:datafield><marc:datafield tag="490" ind1="0" ind2=" "><marc:subfield code="a">Giessener Beitrge zur Sprachwissenschaft ; Bd. 15</marc:subfield></marc:datafield><marc:datafield tag="504" ind1=" " ind2=" "><marc:subfield code="a">Bibliography: p. [114]-122.</marc:subfield></marc:datafield><marc:datafield tag="650" ind1=" " ind2="0"><marc:subfield code="a">French philology</marc:subfield><marc:subfield code="x">Study and teaching</marc:subfield><marc:subfield code="z">Africa.</marc:subfield></marc:datafield><marc:datafield tag="650" ind1=" " ind2="0"><marc:subfield code="a">French language</marc:subfield><marc:subfield code="x">Study and teaching</marc:subfield><marc:subfield code="x">African speakers.</marc:subfield></marc:datafield><marc:datafield tag="650" ind1=" " ind2="0"><marc:subfield code="a">Languages in contact</marc:subfield><marc:subfield code="z">Africa.</marc:subfield></marc:datafield><marc:datafield tag="650" ind1=" " ind2="0"><marc:subfield code="a">French language</marc:subfield><marc:subfield code="z">Africa.</marc:subfield></marc:datafield><marc:datafield tag="035" ind1=" " ind2=" "><marc:subfield code="a">(TxDaGIAL)37741100007009</marc:subfield></marc:datafield><marc:controlfield tag="005">20080624154328.0</marc:controlfield><marc:controlfield tag="001">168</marc:controlfield><marc:controlfield tag="003">TxDaGIAL</marc:controlfield><marc:datafield tag="852" ind1=" " ind2=" "><marc:subfield code="p">37741100007009</marc:subfield><marc:subfield code="a">Library</marc:subfield><marc:subfield code="x">COPYID:180</marc:subfield><marc:subfield code="x">FSC@aRegular@c19950818</marc:subfield><marc:subfield code="h">447.96 K98a 1979</marc:subfield><marc:subfield code="z">7714</marc:subfield></marc:datafield></marc:record>