
<marc:record><marc:leader>00967pam a2200301 i 4500</marc:leader>
<marc:controlfield tag="008">780119s1978    mdua     b    00110 eng  </marc:controlfield>
<marc:datafield tag="010" ind1=" " ind2=" "><marc:subfield code="a">   77029056</marc:subfield></marc:datafield><marc:datafield tag="020" ind1=" " ind2=" "><marc:subfield code="a">0839112084</marc:subfield></marc:datafield><marc:datafield tag="040" ind1=" " ind2=" "><marc:subfield code="a">DLC</marc:subfield><marc:subfield code="c">DLC</marc:subfield><marc:subfield code="d">TxDaGIAL</marc:subfield></marc:datafield><marc:datafield tag="050" ind1="0" ind2=" "><marc:subfield code="a">P118</marc:subfield><marc:subfield code="b">.B58</marc:subfield></marc:datafield><marc:datafield tag="060" ind1=" " ind2=" "><marc:subfield code="a">WS105.5.C8 B627a</marc:subfield></marc:datafield><marc:datafield tag="082" ind1=" " ind2=" "><marc:subfield code="a">401</marc:subfield></marc:datafield><marc:datafield tag="100" ind1="1" ind2="0"><marc:subfield code="a">Blache, Stephen E.</marc:subfield></marc:datafield><marc:datafield tag="245" ind1="1" ind2="4"><marc:subfield code="a">The acquisition of distinctive features /</marc:subfield><marc:subfield code="c">by Stephen E. Blache.</marc:subfield></marc:datafield><marc:datafield tag="260" ind1="0" ind2=" "><marc:subfield code="a">Baltimore, Md. :</marc:subfield><marc:subfield code="b">University Park Press,</marc:subfield><marc:subfield code="c">c1978.</marc:subfield></marc:datafield><marc:datafield tag="300" ind1=" " ind2=" "><marc:subfield code="a">xiii, 337 p. :</marc:subfield><marc:subfield code="b">ill. ;</marc:subfield><marc:subfield code="c">23 cm.</marc:subfield></marc:datafield><marc:datafield tag="504" ind1=" " ind2=" "><marc:subfield code="a">Bibliography: p. 281-293.</marc:subfield></marc:datafield><marc:datafield tag="500" ind1=" " ind2=" "><marc:subfield code="a">Includes index.</marc:subfield></marc:datafield><marc:datafield tag="650" ind1=" " ind2="0"><marc:subfield code="a">Children</marc:subfield><marc:subfield code="x">Language.</marc:subfield></marc:datafield><marc:datafield tag="650" ind1=" " ind2="0"><marc:subfield code="a">Distinctive features (Linguistics)</marc:subfield></marc:datafield><marc:datafield tag="650" ind1=" " ind2="0"><marc:subfield code="a">Speech disorders in children.</marc:subfield></marc:datafield><marc:datafield tag="600" ind1="1" ind2="0"><marc:subfield code="a">Jakobson, Roman,</marc:subfield><marc:subfield code="d">1896-</marc:subfield></marc:datafield><marc:datafield tag="650" ind1=" " ind2="2"><marc:subfield code="a">Language Development.</marc:subfield></marc:datafield><marc:datafield tag="035" ind1=" " ind2=" "><marc:subfield code="a">(TxDaGIAL)37741100009902</marc:subfield></marc:datafield><marc:controlfield tag="005">20080624154329.0</marc:controlfield><marc:controlfield tag="001">170</marc:controlfield><marc:controlfield tag="003">TxDaGIAL</marc:controlfield><marc:datafield tag="852" ind1=" " ind2=" "><marc:subfield code="p">37741100009902</marc:subfield><marc:subfield code="a">Library</marc:subfield><marc:subfield code="x">COPYID:182</marc:subfield><marc:subfield code="x">FSC@aRegular@c19951127</marc:subfield><marc:subfield code="h">401 B627a 1978</marc:subfield><marc:subfield code="z">5175</marc:subfield></marc:datafield></marc:record>