
<marc:record><marc:leader>00916nam a2200217 a 4500</marc:leader>
<marc:controlfield tag="008">971016 1995    gw                  eng d</marc:controlfield>
<marc:datafield tag="040" ind1=" " ind2=" "><marc:subfield code="a">TxDaGIAL</marc:subfield><marc:subfield code="c">TxDaGIAL</marc:subfield></marc:datafield><marc:datafield tag="100" ind1="1" ind2="0"><marc:subfield code="a">Stephany, Ursula.</marc:subfield></marc:datafield><marc:datafield tag="245" ind1="1" ind2="4"><marc:subfield code="a">The acquisition of Greek /</marc:subfield><marc:subfield code="c">Ursula Stephany.</marc:subfield></marc:datafield><marc:datafield tag="260" ind1="0" ind2=" "><marc:subfield code="a">Kln :</marc:subfield><marc:subfield code="b">Institut fr Sprachwissenschaft, Universitt zu Kln,</marc:subfield><marc:subfield code="c">1995.</marc:subfield></marc:datafield><marc:datafield tag="300" ind1=" " ind2=" "><marc:subfield code="a">[143] p., (275, xii p. reduced) ;</marc:subfield><marc:subfield code="c">30 cm.</marc:subfield></marc:datafield><marc:datafield tag="490" ind1="1" ind2=" "><marc:subfield code="a">Arbeitspapier / Institut fr Sprachenwissenschaft, Universitt zu Kln ;</marc:subfield><marc:subfield code="v">Nr. 22 (Neue Folge)</marc:subfield></marc:datafield><marc:datafield tag="546" ind1=" " ind2=" "><marc:subfield code="a">English.</marc:subfield></marc:datafield><marc:datafield tag="650" ind1=" " ind2="0"><marc:subfield code="a">Greek language.</marc:subfield></marc:datafield><marc:datafield tag="710" ind1="2" ind2="0"><marc:subfield code="a">Universitt zu Kln.</marc:subfield><marc:subfield code="b">Institut fr Sprachwissenschaft.</marc:subfield></marc:datafield><marc:datafield tag="830" ind1=" " ind2="0"><marc:subfield code="a">Arbeitspapier (Universitt zu Kln. Institut fr Sprachwissenschaft) ;</marc:subfield><marc:subfield code="v">n.F., Nr. 22.</marc:subfield></marc:datafield><marc:datafield tag="035" ind1=" " ind2=" "><marc:subfield code="a">(TxDaGIAL)37741100021163</marc:subfield></marc:datafield><marc:controlfield tag="005">20080624154329.0</marc:controlfield><marc:controlfield tag="001">171</marc:controlfield><marc:controlfield tag="003">TxDaGIAL</marc:controlfield><marc:datafield tag="852" ind1=" " ind2=" "><marc:subfield code="p">37741100021163</marc:subfield><marc:subfield code="a">Library</marc:subfield><marc:subfield code="x">COPYID:183</marc:subfield><marc:subfield code="x">FSC@aRegular@c19971017</marc:subfield><marc:subfield code="h">489.3 S827a 1995</marc:subfield><marc:subfield code="z">exchange</marc:subfield></marc:datafield></marc:record>