
<marc:record><marc:leader>01192nam a2200277 a 4500</marc:leader>
<marc:controlfield tag="008">930915s1989    inu      b    000 0 eng d</marc:controlfield>
<marc:datafield tag="010" ind1=" " ind2=" "><marc:subfield code="a">   91115946</marc:subfield></marc:datafield><marc:datafield tag="035" ind1=" " ind2=" "><marc:subfield code="a">(OCoLC)21863661</marc:subfield></marc:datafield><marc:datafield tag="040" ind1=" " ind2=" "><marc:subfield code="a">TxHR</marc:subfield><marc:subfield code="c">TxHR</marc:subfield><marc:subfield code="d">DLC</marc:subfield></marc:datafield><marc:datafield tag="042" ind1=" " ind2=" "><marc:subfield code="a">lccopycat</marc:subfield></marc:datafield><marc:datafield tag="050" ind1="0" ind2="4"><marc:subfield code="a">LB1139.L3</marc:subfield><marc:subfield code="b">A482 1989</marc:subfield></marc:datafield><marc:datafield tag="100" ind1="1" ind2=" "><marc:subfield code="a">Aldridge, Michelle.</marc:subfield></marc:datafield><marc:datafield tag="245" ind1="1" ind2="4"><marc:subfield code="a">The acquisition of INFL /</marc:subfield><marc:subfield code="c">by Michelle Aldridge.</marc:subfield></marc:datafield><marc:datafield tag="260" ind1=" " ind2=" "><marc:subfield code="a">Bloomington, Ind. :</marc:subfield><marc:subfield code="b">Reproduced by Indiana University Linguistics Club Publications,</marc:subfield><marc:subfield code="c">1989.</marc:subfield></marc:datafield><marc:datafield tag="300" ind1=" " ind2=" "><marc:subfield code="a">v, 257 p. ;</marc:subfield><marc:subfield code="c">28 cm.</marc:subfield></marc:datafield><marc:datafield tag="500" ind1=" " ind2=" "><marc:subfield code="a">&quot;Originally prepared as a Ph. D thesis with the title The acquisition of the inflection system, submitted to the School of Modern Languages and Lingusitics, University College of North Wales, September, 1988&quot;--T.p. verso.</marc:subfield></marc:datafield><marc:datafield tag="504" ind1=" " ind2=" "><marc:subfield code="a">Bibliography: p. 248-257.</marc:subfield></marc:datafield><marc:datafield tag="650" ind1=" " ind2="0"><marc:subfield code="a">Children</marc:subfield><marc:subfield code="x">Language.</marc:subfield></marc:datafield><marc:datafield tag="650" ind1=" " ind2="0"><marc:subfield code="a">Language acquisition.</marc:subfield></marc:datafield><marc:datafield tag="650" ind1=" " ind2="0"><marc:subfield code="a">Generative grammar.</marc:subfield></marc:datafield><marc:datafield tag="710" ind1="2" ind2="0"><marc:subfield code="a">University College of North Wales.</marc:subfield><marc:subfield code="b">School of Modern Languages and Linguistics.</marc:subfield></marc:datafield><marc:datafield tag="035" ind1=" " ind2=" "><marc:subfield code="a">(TxDaGIAL)37741100004544</marc:subfield></marc:datafield><marc:controlfield tag="005">20080624154329.0</marc:controlfield><marc:controlfield tag="001">172</marc:controlfield><marc:controlfield tag="003">TxDaGIAL</marc:controlfield><marc:datafield tag="852" ind1=" " ind2=" "><marc:subfield code="p">37741100004544</marc:subfield><marc:subfield code="a">Library</marc:subfield><marc:subfield code="9">$15.75</marc:subfield><marc:subfield code="x">COPYID:184</marc:subfield><marc:subfield code="x">FSC@aRegular@c19950515</marc:subfield><marc:subfield code="h">415 A365a 1989</marc:subfield><marc:subfield code="z">Dir from IULC 6-90</marc:subfield></marc:datafield></marc:record>