
<marc:record><marc:leader>01418cam a22002651i 4500</marc:leader>
<marc:controlfield tag="008">800124s1964    inua     b    00010 eng  </marc:controlfield>
<marc:datafield tag="010" ind1=" " ind2=" "><marc:subfield code="a">   64004703 //r884</marc:subfield></marc:datafield><marc:datafield tag="050" ind1="0" ind2=" "><marc:subfield code="a">LB1103</marc:subfield><marc:subfield code="b">.S6 vol. 29, no. 1</marc:subfield></marc:datafield><marc:datafield tag="082" ind1=" " ind2=" "><marc:subfield code="a">136.73532</marc:subfield></marc:datafield><marc:datafield tag="100" ind1="1" ind2="0"><marc:subfield code="a">Bellugi, Ursula,</marc:subfield><marc:subfield code="d">1931-</marc:subfield><marc:subfield code="e">ed.</marc:subfield></marc:datafield><marc:datafield tag="245" ind1="1" ind2="4"><marc:subfield code="a">The acquisition of language :</marc:subfield><marc:subfield code="b">report of the fourth conference sponsored by the Committee on Intellective Processes Research of the Social Science Research Council. /</marc:subfield><marc:subfield code="c">Edited by Ursula Bellugi and Roger Brown.</marc:subfield></marc:datafield><marc:datafield tag="260" ind1="0" ind2=" "><marc:subfield code="a">[Lafayette, Ind. :</marc:subfield><marc:subfield code="b">Child Development Publications of the Society for Research in Child Development],</marc:subfield><marc:subfield code="c">1964.</marc:subfield></marc:datafield><marc:datafield tag="300" ind1=" " ind2=" "><marc:subfield code="a">191 p. :</marc:subfield><marc:subfield code="b">ill. ;</marc:subfield><marc:subfield code="c">23 cm.</marc:subfield></marc:datafield><marc:datafield tag="490" ind1="1" ind2=" "><marc:subfield code="a">Monographs of the Society for Research in Child Development ;</marc:subfield><marc:subfield code="v">29, no. 1, serial no. 92</marc:subfield></marc:datafield><marc:datafield tag="500" ind1=" " ind2=" "><marc:subfield code="a">&quot;The conference on first-language acquisition was held at Endicott House in Dedham, Massachusetts, on October 27-29, 1961.&quot;</marc:subfield></marc:datafield><marc:datafield tag="504" ind1=" " ind2=" "><marc:subfield code="a">Bibliography: p. 187-191.</marc:subfield></marc:datafield><marc:datafield tag="650" ind1=" " ind2="0"><marc:subfield code="a">Children</marc:subfield><marc:subfield code="x">Language acquisition.</marc:subfield></marc:datafield><marc:datafield tag="700" ind1="1" ind2="0"><marc:subfield code="a">Brown, Roger,</marc:subfield><marc:subfield code="d">1925-</marc:subfield><marc:subfield code="e">joint ed.</marc:subfield></marc:datafield><marc:datafield tag="710" ind1="2" ind2="0"><marc:subfield code="a">Social Science Research Council (U.S.).</marc:subfield><marc:subfield code="b">Committee on Intellective Processes Research.</marc:subfield></marc:datafield><marc:datafield tag="830" ind1=" " ind2="0"><marc:subfield code="a">Monographs of the Society for Research in Child Development ;</marc:subfield><marc:subfield code="v">29, no. 1, serial no. 92.</marc:subfield></marc:datafield><marc:datafield tag="035" ind1=" " ind2=" "><marc:subfield code="a">(TxDaGIAL)37741100005676</marc:subfield></marc:datafield><marc:controlfield tag="005">20080624154329.0</marc:controlfield><marc:controlfield tag="001">173</marc:controlfield><marc:controlfield tag="003">TxDaGIAL</marc:controlfield><marc:datafield tag="852" ind1=" " ind2=" "><marc:subfield code="p">37741100005676</marc:subfield><marc:subfield code="a">Library</marc:subfield><marc:subfield code="x">COPYID:185</marc:subfield><marc:subfield code="x">FSC@aRegular@c19950710</marc:subfield><marc:subfield code="h">401.93 B449a 1964</marc:subfield><marc:subfield code="z">4460</marc:subfield></marc:datafield></marc:record>