
<marc:record><marc:leader>00957pam a2200265 a 4500</marc:leader>
<marc:controlfield tag="008">941107s1994    ne a     b    001 0 eng  </marc:controlfield>
<marc:datafield tag="010" ind1=" " ind2=" "><marc:subfield code="a">   94000547 //r94</marc:subfield></marc:datafield><marc:datafield tag="020" ind1=" " ind2=" "><marc:subfield code="a">1556192460 :</marc:subfield><marc:subfield code="c">$40.00</marc:subfield></marc:datafield><marc:datafield tag="040" ind1=" " ind2=" "><marc:subfield code="a">DLC</marc:subfield><marc:subfield code="c">DLC</marc:subfield><marc:subfield code="d">DLC</marc:subfield></marc:datafield><marc:datafield tag="043" ind1=" " ind2=" "><marc:subfield code="a">i-mf---</marc:subfield></marc:datafield><marc:datafield tag="050" ind1="0" ind2="0"><marc:subfield code="a">PM7854.M3</marc:subfield><marc:subfield code="b">A3 1994</marc:subfield></marc:datafield><marc:datafield tag="082" ind1="0" ind2="0"><marc:subfield code="a">447/.96982</marc:subfield><marc:subfield code="2">20</marc:subfield></marc:datafield><marc:datafield tag="100" ind1="1" ind2=" "><marc:subfield code="a">Adone, Dany.</marc:subfield></marc:datafield><marc:datafield tag="245" ind1="1" ind2="4"><marc:subfield code="a">The acquisition of Mauritian Creole /</marc:subfield><marc:subfield code="c">Dany Adone.</marc:subfield></marc:datafield><marc:datafield tag="260" ind1=" " ind2=" "><marc:subfield code="a">Amsterdam ;</marc:subfield><marc:subfield code="a">Philadelphia :</marc:subfield><marc:subfield code="b">J. Benjamins,</marc:subfield><marc:subfield code="c">c1994.</marc:subfield></marc:datafield><marc:datafield tag="300" ind1=" " ind2=" "><marc:subfield code="a">x, 167 p. :</marc:subfield><marc:subfield code="b">ill. ;</marc:subfield><marc:subfield code="c">23 cm.</marc:subfield></marc:datafield><marc:datafield tag="440" ind1=" " ind2="0"><marc:subfield code="a">Language acquisition &amp; language disorders,</marc:subfield><marc:subfield code="x">0925-0123 ;</marc:subfield><marc:subfield code="v">v. 9</marc:subfield></marc:datafield><marc:datafield tag="504" ind1=" " ind2=" "><marc:subfield code="a">Includes bibliographical references (p. [151]-157) and index.</marc:subfield></marc:datafield><marc:datafield tag="650" ind1=" " ind2="0"><marc:subfield code="a">Creole dialects, French</marc:subfield><marc:subfield code="z">Mauritius.</marc:subfield></marc:datafield><marc:datafield tag="650" ind1=" " ind2="0"><marc:subfield code="a">Language acquisition.</marc:subfield></marc:datafield><marc:datafield tag="035" ind1=" " ind2=" "><marc:subfield code="a">(TxDaGIAL)37741100010780</marc:subfield></marc:datafield><marc:controlfield tag="005">20080624154330.0</marc:controlfield><marc:controlfield tag="001">176</marc:controlfield><marc:controlfield tag="003">TxDaGIAL</marc:controlfield><marc:datafield tag="852" ind1=" " ind2=" "><marc:subfield code="p">37741100010780</marc:subfield><marc:subfield code="a">Library</marc:subfield><marc:subfield code="9">$34.80</marc:subfield><marc:subfield code="x">FUND:Ling</marc:subfield><marc:subfield code="x">COPYID:188</marc:subfield><marc:subfield code="x">FSC@aRegular@c19960410</marc:subfield><marc:subfield code="h">447.96982 A239a 1994</marc:subfield><marc:subfield code="z">B/T 4-96</marc:subfield></marc:datafield></marc:record>