
<marc:record><marc:leader>00853nam a2200253Ii 4500</marc:leader>
<marc:controlfield tag="008">750423c19741972inu      b    00010 eng u</marc:controlfield>
<marc:datafield tag="035" ind1=" " ind2=" "><marc:subfield code="a">(CU-UC)dlaisn1892304</marc:subfield></marc:datafield><marc:datafield tag="040" ind1=" " ind2=" "><marc:subfield code="a">na</marc:subfield><marc:subfield code="c">na</marc:subfield><marc:subfield code="d">CU-I</marc:subfield></marc:datafield><marc:datafield tag="100" ind1="1" ind2="0"><marc:subfield code="a">Sheldon, Amy Louise.</marc:subfield></marc:datafield><marc:datafield tag="245" ind1="1" ind2="4"><marc:subfield code="a">The acquisition of relative clauses in English /</marc:subfield><marc:subfield code="c">Amy Louise Sheldon.</marc:subfield></marc:datafield><marc:datafield tag="260" ind1="0" ind2=" "><marc:subfield code="a">Bloomington, Ind. :</marc:subfield><marc:subfield code="b">Indiana University Linguistics Club,</marc:subfield><marc:subfield code="c">1974, c1972.</marc:subfield></marc:datafield><marc:datafield tag="300" ind1=" " ind2=" "><marc:subfield code="a">iv, 88 p. ;</marc:subfield><marc:subfield code="c">28 cm.</marc:subfield></marc:datafield><marc:datafield tag="500" ind1=" " ind2=" "><marc:subfield code="a">Cover title.</marc:subfield></marc:datafield><marc:datafield tag="504" ind1=" " ind2=" "><marc:subfield code="a">Bibliography:  p. 84-88.</marc:subfield></marc:datafield><marc:datafield tag="546" ind1=" " ind2=" "><marc:subfield code="a">English.</marc:subfield></marc:datafield><marc:datafield tag="650" ind1=" " ind2="0"><marc:subfield code="a">English language</marc:subfield><marc:subfield code="x">Clauses.</marc:subfield></marc:datafield><marc:datafield tag="650" ind1=" " ind2="0"><marc:subfield code="a">Children</marc:subfield><marc:subfield code="x">Language.</marc:subfield></marc:datafield><marc:datafield tag="650" ind1=" " ind2="0"><marc:subfield code="a">Child development.</marc:subfield></marc:datafield><marc:datafield tag="710" ind1="2" ind2="0"><marc:subfield code="a">Indiana University Linguistics Club.</marc:subfield></marc:datafield><marc:datafield tag="035" ind1=" " ind2=" "><marc:subfield code="a">(TxDaGIAL)37741100013681</marc:subfield></marc:datafield><marc:controlfield tag="005">20080624154330.0</marc:controlfield><marc:controlfield tag="001">179</marc:controlfield><marc:controlfield tag="003">TxDaGIAL</marc:controlfield><marc:datafield tag="852" ind1=" " ind2=" "><marc:subfield code="p">37741100013681</marc:subfield><marc:subfield code="a">Library</marc:subfield><marc:subfield code="x">COPYID:191</marc:subfield><marc:subfield code="x">FSC@aRegular@c19961101</marc:subfield><marc:subfield code="h">425 S544a 1974</marc:subfield></marc:datafield></marc:record>