
<marc:record><marc:leader>01115cam a2200265Ii 4500</marc:leader>
<marc:controlfield tag="008">760326s1959    gt            100 0 spa  </marc:controlfield>
<marc:datafield tag="010" ind1=" " ind2=" "><marc:subfield code="a">   60025080</marc:subfield></marc:datafield><marc:datafield tag="035" ind1=" " ind2=" "><marc:subfield code="a">(CU-UC)2119607</marc:subfield></marc:datafield><marc:datafield tag="040" ind1=" " ind2=" "><marc:subfield code="a">DLC</marc:subfield><marc:subfield code="c">TEU</marc:subfield></marc:datafield><marc:datafield tag="050" ind1=" " ind2=" "><marc:subfield code="a">E51</marc:subfield><marc:subfield code="b">.I492</marc:subfield></marc:datafield><marc:datafield tag="111" ind1="2" ind2=" "><marc:subfield code="a">Congreso Indgenista Interamericano.</marc:subfield></marc:datafield><marc:datafield tag="245" ind1="1" ind2="0"><marc:subfield code="a">Actas finales de los tres primeros Congresos Indigenistas Interamericanos.</marc:subfield></marc:datafield><marc:datafield tag="260" ind1=" " ind2=" "><marc:subfield code="a">Guatemala,</marc:subfield><marc:subfield code="c">1959.</marc:subfield></marc:datafield><marc:datafield tag="300" ind1=" " ind2=" "><marc:subfield code="a">205 p. ;</marc:subfield><marc:subfield code="c">18 cm.</marc:subfield></marc:datafield><marc:datafield tag="440" ind1=" " ind2="0"><marc:subfield code="a">Publicaciones del Comit Organizador del IV Congreso Indigenista Interamericano</marc:subfield></marc:datafield><marc:datafield tag="500" ind1=" " ind2=" "><marc:subfield code="a">&quot;Acuerdo entre el Consejo de la Organizacin de los Estados Americanos y el Instituto Indigenista Interamericano&quot;: p. [179]-186.</marc:subfield></marc:datafield><marc:datafield tag="500" ind1=" " ind2=" "><marc:subfield code="a">&quot;Convencin internacional relativa a los Congresos Indigenistas Interamericanos y al Instituto Indigenista Interamericano, diciembre de 1940&quot;: p. [187]-205.</marc:subfield></marc:datafield><marc:datafield tag="546" ind1=" " ind2=" "><marc:subfield code="a">Spanish.</marc:subfield></marc:datafield><marc:datafield tag="650" ind1=" " ind2="0"><marc:subfield code="a">Indians.</marc:subfield></marc:datafield><marc:datafield tag="650" ind1=" " ind2="0"><marc:subfield code="a">Ethnology</marc:subfield><marc:subfield code="z">America</marc:subfield><marc:subfield code="v">Congresses.</marc:subfield></marc:datafield><marc:datafield tag="035" ind1=" " ind2=" "><marc:subfield code="a">(TxDaGIAL)37741100019450</marc:subfield></marc:datafield><marc:controlfield tag="005">20080624154331.0</marc:controlfield><marc:controlfield tag="001">185</marc:controlfield><marc:controlfield tag="003">TxDaGIAL</marc:controlfield><marc:datafield tag="852" ind1=" " ind2=" "><marc:subfield code="p">37741100019450</marc:subfield><marc:subfield code="a">Library</marc:subfield><marc:subfield code="x">COPYID:198</marc:subfield><marc:subfield code="x">FSC@aRegular@c19970805</marc:subfield><marc:subfield code="h">980 I61a 1959</marc:subfield></marc:datafield></marc:record>