
<marc:record><marc:leader>00737cam a2200217   4500</marc:leader>
<marc:controlfield tag="008">710414s1971    maua          00110 eng  </marc:controlfield>
<marc:datafield tag="010" ind1=" " ind2=" "><marc:subfield code="a">   71126627 //r93</marc:subfield></marc:datafield><marc:datafield tag="040" ind1=" " ind2=" "><marc:subfield code="a">DLC</marc:subfield><marc:subfield code="c">DLC</marc:subfield><marc:subfield code="d">DLC</marc:subfield><marc:subfield code="d">TxDaGIAL</marc:subfield></marc:datafield><marc:datafield tag="041" ind1="0" ind2=" "><marc:subfield code="a">engger</marc:subfield></marc:datafield><marc:datafield tag="050" ind1="0" ind2="0"><marc:subfield code="a">PF3112</marc:subfield><marc:subfield code="b">.P58</marc:subfield></marc:datafield><marc:datafield tag="082" ind1="0" ind2="0"><marc:subfield code="a">438/.2/421</marc:subfield></marc:datafield><marc:datafield tag="100" ind1="1" ind2="0"><marc:subfield code="a">Politzer, Robert Louis,</marc:subfield><marc:subfield code="d">1921-</marc:subfield></marc:datafield><marc:datafield tag="245" ind1="1" ind2="0"><marc:subfield code="a">Active review of German :</marc:subfield><marc:subfield code="b">a German review grammar /</marc:subfield><marc:subfield code="c">[by] Robert L. Politzer.</marc:subfield></marc:datafield><marc:datafield tag="260" ind1="0" ind2=" "><marc:subfield code="a">Waltham, Mass. :</marc:subfield><marc:subfield code="b">Xerox College Pub.,</marc:subfield><marc:subfield code="c">[1971]</marc:subfield></marc:datafield><marc:datafield tag="300" ind1=" " ind2=" "><marc:subfield code="a">viii, 230 p. :</marc:subfield><marc:subfield code="b">illus. ;</marc:subfield><marc:subfield code="c">24 cm.</marc:subfield></marc:datafield><marc:datafield tag="650" ind1=" " ind2="0"><marc:subfield code="a">German language</marc:subfield><marc:subfield code="x">Grammar.</marc:subfield></marc:datafield><marc:datafield tag="035" ind1=" " ind2=" "><marc:subfield code="a">(TxDaGIAL)37741100007275</marc:subfield></marc:datafield><marc:controlfield tag="005">20080624154331.0</marc:controlfield><marc:controlfield tag="001">187</marc:controlfield><marc:controlfield tag="003">TxDaGIAL</marc:controlfield><marc:datafield tag="852" ind1=" " ind2=" "><marc:subfield code="p">37741100007275</marc:subfield><marc:subfield code="a">Library</marc:subfield><marc:subfield code="x">COPYID:200</marc:subfield><marc:subfield code="x">FSC@aRegular@c19950825</marc:subfield><marc:subfield code="h">438.2421 P769a 1971</marc:subfield><marc:subfield code="z">1-90</marc:subfield></marc:datafield></marc:record>