
<marc:record><marc:leader>00723nam a2200193Ii 4500</marc:leader>
<marc:controlfield tag="008">741010s1966    pau           00010 eng u</marc:controlfield>
<marc:datafield tag="040" ind1=" " ind2=" "><marc:subfield code="d">TxDaGIAL</marc:subfield></marc:datafield><marc:datafield tag="100" ind1="1" ind2="0"><marc:subfield code="a">Erdman, Charles Rosenbury,</marc:subfield><marc:subfield code="d">1866-1960.</marc:subfield></marc:datafield><marc:datafield tag="245" ind1="1" ind2="4"><marc:subfield code="a">The Acts :</marc:subfield><marc:subfield code="b">an exposition /</marc:subfield><marc:subfield code="c">by Charles R. Erdman.</marc:subfield></marc:datafield><marc:datafield tag="260" ind1="0" ind2=" "><marc:subfield code="a">Philadelphia :</marc:subfield><marc:subfield code="b">Westminster Press,</marc:subfield><marc:subfield code="c">c1966.</marc:subfield></marc:datafield><marc:datafield tag="300" ind1=" " ind2=" "><marc:subfield code="a">196 p. ;</marc:subfield><marc:subfield code="c">19 cm.</marc:subfield></marc:datafield><marc:datafield tag="546" ind1=" " ind2=" "><marc:subfield code="a">English.</marc:subfield></marc:datafield><marc:datafield tag="630" ind1="0" ind2="0"><marc:subfield code="a">Bible.</marc:subfield><marc:subfield code="p">N.T.</marc:subfield><marc:subfield code="p">Acts</marc:subfield><marc:subfield code="v">Commentaries.</marc:subfield></marc:datafield><marc:datafield tag="035" ind1=" " ind2=" "><marc:subfield code="a">(TxDaGIAL)37741100017398</marc:subfield></marc:datafield><marc:controlfield tag="005">20080624154331.0</marc:controlfield><marc:controlfield tag="001">188</marc:controlfield><marc:controlfield tag="003">TxDaGIAL</marc:controlfield><marc:datafield tag="852" ind1=" " ind2=" "><marc:subfield code="p">37741100017398</marc:subfield><marc:subfield code="a">Library</marc:subfield><marc:subfield code="b">John Beekman Tran Li</marc:subfield><marc:subfield code="x">COPYID:201</marc:subfield><marc:subfield code="x">FSC@aRegular@c19970508</marc:subfield><marc:subfield code="h">226.6077 E66 1966</marc:subfield><marc:subfield code="z">6988</marc:subfield></marc:datafield><marc:datafield tag="852" ind1=" " ind2=" "><marc:subfield code="p">37741100017399</marc:subfield><marc:subfield code="a">Library</marc:subfield><marc:subfield code="x">COPYID:202</marc:subfield><marc:subfield code="x">FSC@aRegular@c19970508</marc:subfield><marc:subfield code="h">226.6077 E66 1966</marc:subfield><marc:subfield code="z">810</marc:subfield></marc:datafield></marc:record>