
<marc:record><marc:leader>00871cam a2200253Ii 4500</marc:leader>
<marc:controlfield tag="008">781215r19781908miu           00110 eng d</marc:controlfield>
<marc:datafield tag="010" ind1=" " ind2=" "><marc:subfield code="z"> 40406402</marc:subfield></marc:datafield><marc:datafield tag="020" ind1=" " ind2=" "><marc:subfield code="a">0801076668</marc:subfield><marc:subfield code="b">pbk :</marc:subfield><marc:subfield code="c">$8.95</marc:subfield></marc:datafield><marc:datafield tag="035" ind1=" " ind2=" "><marc:subfield code="a">(CU-UC)1508217</marc:subfield></marc:datafield><marc:datafield tag="040" ind1=" " ind2=" "><marc:subfield code="a">MAL</marc:subfield><marc:subfield code="c">MAL</marc:subfield><marc:subfield code="d">CU-Riv</marc:subfield></marc:datafield><marc:datafield tag="100" ind1="1" ind2="0"><marc:subfield code="a">Rackham, Richard Belward,</marc:subfield><marc:subfield code="d">1863-1912.</marc:subfield></marc:datafield><marc:datafield tag="245" ind1="1" ind2="4"><marc:subfield code="a">The Acts of the apostles :</marc:subfield><marc:subfield code="b">an exposition /</marc:subfield><marc:subfield code="c">by Richard Belward Rackham.</marc:subfield></marc:datafield><marc:datafield tag="260" ind1="0" ind2=" "><marc:subfield code="a">Grand Rapids :</marc:subfield><marc:subfield code="b">Baker Book House,</marc:subfield><marc:subfield code="c">1978.</marc:subfield></marc:datafield><marc:datafield tag="300" ind1=" " ind2=" "><marc:subfield code="a">cxv, 524 p. ;</marc:subfield><marc:subfield code="c">22 cm.</marc:subfield></marc:datafield><marc:datafield tag="490" ind1="0" ind2=" "><marc:subfield code="a">Westminster commentaries</marc:subfield></marc:datafield><marc:datafield tag="440" ind1=" " ind2="0"><marc:subfield code="a">Twin brooks series</marc:subfield></marc:datafield><marc:datafield tag="500" ind1=" " ind2=" "><marc:subfield code="a">Reprint of the 4th ed., published in 1908.</marc:subfield></marc:datafield><marc:datafield tag="546" ind1=" " ind2=" "><marc:subfield code="a">English.</marc:subfield></marc:datafield><marc:datafield tag="630" ind1="0" ind2="0"><marc:subfield code="a">Bible.</marc:subfield><marc:subfield code="p">N.T.</marc:subfield><marc:subfield code="p">Acts</marc:subfield><marc:subfield code="v">Commentaries.</marc:subfield></marc:datafield><marc:datafield tag="035" ind1=" " ind2=" "><marc:subfield code="a">(TxDaGIAL)37741100018178</marc:subfield></marc:datafield><marc:controlfield tag="005">20080624154332.0</marc:controlfield><marc:controlfield tag="001">192</marc:controlfield><marc:controlfield tag="003">TxDaGIAL</marc:controlfield><marc:datafield tag="852" ind1=" " ind2=" "><marc:subfield code="p">37741100018178</marc:subfield><marc:subfield code="a">Library</marc:subfield><marc:subfield code="x">COPYID:208</marc:subfield><marc:subfield code="x">FSC@aRegular@c19970522</marc:subfield><marc:subfield code="h">226.6077 R122a 1978</marc:subfield><marc:subfield code="z">9540</marc:subfield></marc:datafield></marc:record>