
<marc:record><marc:leader>01037cam a2200253   4500</marc:leader>
<marc:controlfield tag="008">730510r19731959miu      b    00010 eng  </marc:controlfield>
<marc:datafield tag="010" ind1=" " ind2=" "><marc:subfield code="a">   73160588 //r852</marc:subfield></marc:datafield><marc:datafield tag="040" ind1=" " ind2=" "><marc:subfield code="a">DLC</marc:subfield><marc:subfield code="c">DLC</marc:subfield><marc:subfield code="d">DLC</marc:subfield><marc:subfield code="d">TxDaGIAL</marc:subfield></marc:datafield><marc:datafield tag="050" ind1="0" ind2=" "><marc:subfield code="a">BS2625.3</marc:subfield><marc:subfield code="b">.C33</marc:subfield></marc:datafield><marc:datafield tag="082" ind1=" " ind2=" "><marc:subfield code="a">226/.6/07</marc:subfield></marc:datafield><marc:datafield tag="100" ind1="1" ind2="0"><marc:subfield code="a">Carter, Charles W.</marc:subfield><marc:subfield code="q">(Charles Webb),</marc:subfield><marc:subfield code="d">1905-</marc:subfield></marc:datafield><marc:datafield tag="245" ind1="1" ind2="4"><marc:subfield code="a">The Acts of the Apostles /</marc:subfield><marc:subfield code="c">by Charles W. Carter and Ralph Earle.</marc:subfield></marc:datafield><marc:datafield tag="260" ind1="0" ind2=" "><marc:subfield code="a">Grand Rapids, Mich. :</marc:subfield><marc:subfield code="b">Zondervan Pub. House,</marc:subfield><marc:subfield code="c">c1973.</marc:subfield></marc:datafield><marc:datafield tag="300" ind1=" " ind2=" "><marc:subfield code="a">435 p. :</marc:subfield><marc:subfield code="b">map ;</marc:subfield><marc:subfield code="c">23 cm.</marc:subfield></marc:datafield><marc:datafield tag="500" ind1=" " ind2=" "><marc:subfield code="a">Published in 1959 as a vol. in the Evangelical Bible Commentary series and now republished with new introductory matter and updated bibliography  -- pref.</marc:subfield></marc:datafield><marc:datafield tag="504" ind1=" " ind2=" "><marc:subfield code="a">Bibliography: p. 427-434.</marc:subfield></marc:datafield><marc:datafield tag="630" ind1="0" ind2="0"><marc:subfield code="a">Bible.</marc:subfield><marc:subfield code="p">N.T.</marc:subfield><marc:subfield code="p">Acts</marc:subfield><marc:subfield code="v">Commentaries.</marc:subfield></marc:datafield><marc:datafield tag="700" ind1="1" ind2="0"><marc:subfield code="a">Earle, Ralph.</marc:subfield></marc:datafield><marc:datafield tag="730" ind1="0" ind2="1"><marc:subfield code="a">Bible.</marc:subfield><marc:subfield code="p">N.T.</marc:subfield><marc:subfield code="p">Acts.</marc:subfield><marc:subfield code="l">English.</marc:subfield><marc:subfield code="s">American standard.</marc:subfield><marc:subfield code="f">1959.</marc:subfield></marc:datafield><marc:datafield tag="035" ind1=" " ind2=" "><marc:subfield code="a">(TxDaGIAL)37741100002003</marc:subfield></marc:datafield><marc:controlfield tag="005">20080624154332.0</marc:controlfield><marc:controlfield tag="001">193</marc:controlfield><marc:controlfield tag="003">TxDaGIAL</marc:controlfield><marc:datafield tag="852" ind1=" " ind2=" "><marc:subfield code="p">37741100002003</marc:subfield><marc:subfield code="a">Library</marc:subfield><marc:subfield code="x">COPYID:209</marc:subfield><marc:subfield code="x">FSC@aRegular@c19950306</marc:subfield><marc:subfield code="h">226.6077 C323a 1973</marc:subfield><marc:subfield code="z">9268</marc:subfield></marc:datafield></marc:record>