
<marc:record><marc:leader>00975cam a2200241 i 4500</marc:leader>
<marc:controlfield tag="008">800206r19801870miu           00010 eng  </marc:controlfield>
<marc:datafield tag="010" ind1=" " ind2=" "><marc:subfield code="a">   79002543 //r83</marc:subfield></marc:datafield><marc:datafield tag="020" ind1=" " ind2=" "><marc:subfield code="a">0825438101 :</marc:subfield><marc:subfield code="c">$12.95</marc:subfield></marc:datafield><marc:datafield tag="040" ind1=" " ind2=" "><marc:subfield code="a">DLC</marc:subfield><marc:subfield code="c">DLC</marc:subfield><marc:subfield code="d">DLC</marc:subfield></marc:datafield><marc:datafield tag="050" ind1="0" ind2=" "><marc:subfield code="a">BS2625</marc:subfield><marc:subfield code="b">.T43 1980</marc:subfield></marc:datafield><marc:datafield tag="082" ind1=" " ind2=" "><marc:subfield code="a">226/.607</marc:subfield></marc:datafield><marc:datafield tag="100" ind1="1" ind2="0"><marc:subfield code="a">Thomas, David,</marc:subfield><marc:subfield code="d">1813-1894.</marc:subfield></marc:datafield><marc:datafield tag="240" ind1="1" ind2="0"><marc:subfield code="a">Homiletic commentary on the Acts of the Apostles.</marc:subfield></marc:datafield><marc:datafield tag="245" ind1="1" ind2="0"><marc:subfield code="a">Acts of the Apostles :</marc:subfield><marc:subfield code="b">expository and homiletical commentary /</marc:subfield><marc:subfield code="c">by David Thomas.</marc:subfield></marc:datafield><marc:datafield tag="260" ind1="0" ind2=" "><marc:subfield code="a">Grands Rapids, Mich. :</marc:subfield><marc:subfield code="b">Kregel Publications,</marc:subfield><marc:subfield code="c">1980.</marc:subfield></marc:datafield><marc:datafield tag="300" ind1=" " ind2=" "><marc:subfield code="a">xiii, 493 p. ;</marc:subfield><marc:subfield code="c">23 cm.</marc:subfield></marc:datafield><marc:datafield tag="500" ind1=" " ind2=" "><marc:subfield code="a">Reprint of the 1870 ed. published by R. D. Dickinson, London, under title: Homiletic commentary on the Acts of the Apostles.</marc:subfield></marc:datafield><marc:datafield tag="630" ind1="0" ind2="0"><marc:subfield code="a">Bible.</marc:subfield><marc:subfield code="p">N.T.</marc:subfield><marc:subfield code="p">Acts</marc:subfield><marc:subfield code="v">Commentaries.</marc:subfield></marc:datafield><marc:datafield tag="035" ind1=" " ind2=" "><marc:subfield code="a">(TxDaGIAL)37741100002021</marc:subfield></marc:datafield><marc:controlfield tag="005">20080624154333.0</marc:controlfield><marc:controlfield tag="001">197</marc:controlfield><marc:controlfield tag="003">TxDaGIAL</marc:controlfield><marc:datafield tag="852" ind1=" " ind2=" "><marc:subfield code="p">37741100002021</marc:subfield><marc:subfield code="a">Library</marc:subfield><marc:subfield code="b">John Beekman Tran Li</marc:subfield><marc:subfield code="x">COPYID:218</marc:subfield><marc:subfield code="x">FSC@aRegular@c19950306</marc:subfield><marc:subfield code="h">226.607 T455a 1980</marc:subfield><marc:subfield code="z">7493</marc:subfield></marc:datafield></marc:record>