
<marc:record><marc:leader>01074cam a2200265 i 4500</marc:leader>
<marc:controlfield tag="008">760623s1955    pau           00010 eng  </marc:controlfield>
<marc:datafield tag="010" ind1=" " ind2=" "><marc:subfield code="a">57-6030</marc:subfield></marc:datafield><marc:datafield tag="040" ind1=" " ind2=" "><marc:subfield code="a">DLC</marc:subfield><marc:subfield code="c">DLC</marc:subfield><marc:subfield code="d">DLC</marc:subfield><marc:subfield code="d">TxDaGIAL</marc:subfield></marc:datafield><marc:datafield tag="050" ind1="0" ind2="0"><marc:subfield code="a">BS2623</marc:subfield><marc:subfield code="b">.B37 1976</marc:subfield></marc:datafield><marc:datafield tag="082" ind1="0" ind2="0"><marc:subfield code="a">226/.6/077</marc:subfield></marc:datafield><marc:datafield tag="130" ind1="0" ind2="0"><marc:subfield code="a">Bible.</marc:subfield><marc:subfield code="p">N.T.</marc:subfield><marc:subfield code="p">Acts.</marc:subfield><marc:subfield code="l">English.</marc:subfield><marc:subfield code="f">1976.</marc:subfield><marc:subfield code="s">Barclay.</marc:subfield></marc:datafield><marc:datafield tag="245" ind1="1" ind2="4"><marc:subfield code="a">The Acts of the Apostles /</marc:subfield><marc:subfield code="c">translated with an introduction and interpretation by William Barclay.</marc:subfield></marc:datafield><marc:datafield tag="250" ind1=" " ind2=" "><marc:subfield code="a">2nd ed.</marc:subfield></marc:datafield><marc:datafield tag="260" ind1="0" ind2=" "><marc:subfield code="a">Philadelphia :</marc:subfield><marc:subfield code="b">Westminster Press,</marc:subfield><marc:subfield code="c">c1955.</marc:subfield></marc:datafield><marc:datafield tag="300" ind1=" " ind2=" "><marc:subfield code="a">xix, 213 p. ;</marc:subfield><marc:subfield code="c">18 cm.</marc:subfield></marc:datafield><marc:datafield tag="490" ind1="1" ind2=" "><marc:subfield code="a">The Daily study Bible series</marc:subfield></marc:datafield><marc:datafield tag="630" ind1="0" ind2="0"><marc:subfield code="a">Bible.</marc:subfield><marc:subfield code="p">N.T.</marc:subfield><marc:subfield code="p">Acts</marc:subfield><marc:subfield code="v">Commentaries.</marc:subfield></marc:datafield><marc:datafield tag="830" ind1=" " ind2="0"><marc:subfield code="a">Daily study Bible series (Westminster Press)</marc:subfield></marc:datafield><marc:datafield tag="035" ind1=" " ind2=" "><marc:subfield code="a">(TxDaGIAL)37741100001989</marc:subfield></marc:datafield><marc:controlfield tag="005">20080624154334.0</marc:controlfield><marc:controlfield tag="001">199</marc:controlfield><marc:controlfield tag="003">TxDaGIAL</marc:controlfield><marc:datafield tag="852" ind1=" " ind2=" "><marc:subfield code="p">37741100001989</marc:subfield><marc:subfield code="a">Library</marc:subfield><marc:subfield code="x">COPYID:220</marc:subfield><marc:subfield code="x">FSC@aRegular@c19950306</marc:subfield><marc:subfield code="h">226.6077 B244a 1955</marc:subfield><marc:subfield code="z">409</marc:subfield></marc:datafield><marc:datafield tag="852" ind1=" " ind2=" "><marc:subfield code="p">37741100001990</marc:subfield><marc:subfield code="a">Library</marc:subfield><marc:subfield code="x">COPYID:221</marc:subfield><marc:subfield code="x">FSC@aRegular@c19950306</marc:subfield><marc:subfield code="h">226.6077 B244a 1955</marc:subfield><marc:subfield code="z">1905</marc:subfield></marc:datafield><marc:datafield tag="852" ind1=" " ind2=" "><marc:subfield code="p">37741100001991</marc:subfield><marc:subfield code="a">Library</marc:subfield><marc:subfield code="x">COPYID:222</marc:subfield><marc:subfield code="x">FSC@aRegular@c19950306</marc:subfield><marc:subfield code="h">226.6077 B244a 1955</marc:subfield><marc:subfield code="z">6989</marc:subfield></marc:datafield></marc:record>