
<marc:record><marc:leader>01191nam a2200265 a 4500</marc:leader>
<marc:controlfield tag="008">910812s1884    stkabj        00110 eng d</marc:controlfield>
<marc:datafield tag="035" ind1=" " ind2=" "><marc:subfield code="a">(CU-UC)8958979</marc:subfield></marc:datafield><marc:datafield tag="040" ind1=" " ind2=" "><marc:subfield code="a">ATLA</marc:subfield><marc:subfield code="c">ATLA</marc:subfield><marc:subfield code="d">CStRLIN</marc:subfield><marc:subfield code="d">TxDaGIAL</marc:subfield></marc:datafield><marc:datafield tag="100" ind1="1" ind2=" "><marc:subfield code="a">Lindsay, Thomas M.</marc:subfield><marc:subfield code="q">(Thomas Martin),</marc:subfield><marc:subfield code="d">1843-1914.</marc:subfield></marc:datafield><marc:datafield tag="245" ind1="1" ind2="4"><marc:subfield code="a">The Acts of the Apostles :</marc:subfield><marc:subfield code="b">with introduction, notes, and maps /</marc:subfield><marc:subfield code="c">by Thomas M. Lindsay.</marc:subfield></marc:datafield><marc:datafield tag="260" ind1="0" ind2=" "><marc:subfield code="a">Edinburgh :</marc:subfield><marc:subfield code="b">T. &amp; T. Clark,</marc:subfield><marc:subfield code="c">[1884-85?]</marc:subfield></marc:datafield><marc:datafield tag="300" ind1=" " ind2=" "><marc:subfield code="a">2 v. :</marc:subfield><marc:subfield code="b">ill., geneal. table, maps ;</marc:subfield><marc:subfield code="c">19 cm.</marc:subfield></marc:datafield><marc:datafield tag="490" ind1="1" ind2=" "><marc:subfield code="a">Handbooks for Bible classes and private students</marc:subfield></marc:datafield><marc:datafield tag="500" ind1=" " ind2=" "><marc:subfield code="a">Includes indexes.</marc:subfield></marc:datafield><marc:datafield tag="500" ind1=" " ind2=" "><marc:subfield code="a">Available as (ATLA monograph preservation program ; ATLA fiche 1987-1131)</marc:subfield></marc:datafield><marc:datafield tag="546" ind1=" " ind2=" "><marc:subfield code="a">English.</marc:subfield></marc:datafield><marc:datafield tag="630" ind1="0" ind2="0"><marc:subfield code="a">Bible.</marc:subfield><marc:subfield code="p">N.T.</marc:subfield><marc:subfield code="p">Acts</marc:subfield><marc:subfield code="v">Commentaries.</marc:subfield></marc:datafield><marc:datafield tag="730" ind1="0" ind2="1"><marc:subfield code="a">Bible.</marc:subfield><marc:subfield code="p">N.T.</marc:subfield><marc:subfield code="p">Acts.</marc:subfield><marc:subfield code="l">English.</marc:subfield><marc:subfield code="f">1884.</marc:subfield></marc:datafield><marc:datafield tag="830" ind1=" " ind2="0"><marc:subfield code="a">Handbooks for Bible classes and private students.</marc:subfield></marc:datafield><marc:datafield tag="035" ind1=" " ind2=" "><marc:subfield code="a">(TxDaGIAL)37741100017405</marc:subfield></marc:datafield><marc:controlfield tag="005">20080624154334.0</marc:controlfield><marc:controlfield tag="001">200</marc:controlfield><marc:controlfield tag="003">TxDaGIAL</marc:controlfield><marc:datafield tag="852" ind1=" " ind2=" "><marc:subfield code="p">37741100017405</marc:subfield><marc:subfield code="a">Library</marc:subfield><marc:subfield code="b">John Beekman Tran Li</marc:subfield><marc:subfield code="x">COPYID:223</marc:subfield><marc:subfield code="x">FSC@aRegular@c19970508</marc:subfield><marc:subfield code="h">226.6077 L749 vol.1 1884</marc:subfield><marc:subfield code="z">7495</marc:subfield></marc:datafield><marc:datafield tag="852" ind1=" " ind2=" "><marc:subfield code="p">37741100017406</marc:subfield><marc:subfield code="a">Library</marc:subfield><marc:subfield code="b">John Beekman Tran Li</marc:subfield><marc:subfield code="x">COPYID:224</marc:subfield><marc:subfield code="x">FSC@aRegular@c19970508</marc:subfield><marc:subfield code="h">226.6077 L749 vol.2 1885</marc:subfield><marc:subfield code="z">7496</marc:subfield></marc:datafield></marc:record>