
<marc:record><marc:leader>00647cam a2200205Ia 4500</marc:leader>
<marc:controlfield tag="008">770825s1954    uk abf        00010 eng d</marc:controlfield>
<marc:datafield tag="035" ind1=" " ind2=" "><marc:subfield code="a">(CU-UC)3034586</marc:subfield></marc:datafield><marc:datafield tag="040" ind1=" " ind2=" "><marc:subfield code="a">ZGM</marc:subfield><marc:subfield code="c">ZGM</marc:subfield><marc:subfield code="d">OCoLC</marc:subfield><marc:subfield code="d">PIT</marc:subfield><marc:subfield code="d">CU-Riv</marc:subfield></marc:datafield><marc:datafield tag="043" ind1=" " ind2=" "><marc:subfield code="a">a-pp---</marc:subfield></marc:datafield><marc:datafield tag="100" ind1="1" ind2="0"><marc:subfield code="a">Simpson, Colin.</marc:subfield></marc:datafield><marc:datafield tag="245" ind1="1" ind2="0"><marc:subfield code="a">Adam with arrows :</marc:subfield><marc:subfield code="b">inside New Guinea.</marc:subfield></marc:datafield><marc:datafield tag="260" ind1="0" ind2=" "><marc:subfield code="a">London ;</marc:subfield><marc:subfield code="a">Sydney :</marc:subfield><marc:subfield code="b">Angus &amp; Robertson,</marc:subfield><marc:subfield code="c">1954.</marc:subfield></marc:datafield><marc:datafield tag="300" ind1=" " ind2=" "><marc:subfield code="a">240 p. :</marc:subfield><marc:subfield code="b">illus. ;</marc:subfield><marc:subfield code="c">24 cm.</marc:subfield></marc:datafield><marc:datafield tag="546" ind1=" " ind2=" "><marc:subfield code="a">English.</marc:subfield></marc:datafield><marc:datafield tag="651" ind1=" " ind2="0"><marc:subfield code="a">New Guinea</marc:subfield><marc:subfield code="x">Description and travel.</marc:subfield></marc:datafield><marc:datafield tag="035" ind1=" " ind2=" "><marc:subfield code="a">(TxDaGIAL)37741100019774</marc:subfield></marc:datafield><marc:controlfield tag="005">20080624154334.0</marc:controlfield><marc:controlfield tag="001">203</marc:controlfield><marc:controlfield tag="003">TxDaGIAL</marc:controlfield><marc:datafield tag="852" ind1=" " ind2=" "><marc:subfield code="p">37741100019774</marc:subfield><marc:subfield code="a">Library</marc:subfield><marc:subfield code="x">COPYID:227</marc:subfield><marc:subfield code="x">FSC@aRegular@c19970815</marc:subfield><marc:subfield code="h">995 S613a 1954</marc:subfield></marc:datafield></marc:record>