
<marc:record><marc:leader>01213cam a2200325 a 4500</marc:leader>
<marc:controlfield tag="008">820914s1983    nyua     b    00100 eng  </marc:controlfield>
<marc:datafield tag="010" ind1=" " ind2=" "><marc:subfield code="a">   82018399 //r91</marc:subfield></marc:datafield><marc:datafield tag="020" ind1=" " ind2=" "><marc:subfield code="a">0123212502</marc:subfield></marc:datafield><marc:datafield tag="040" ind1=" " ind2=" "><marc:subfield code="a">DLC</marc:subfield><marc:subfield code="c">DLC</marc:subfield><marc:subfield code="d">DLC</marc:subfield><marc:subfield code="d">OCoLC</marc:subfield></marc:datafield><marc:datafield tag="043" ind1=" " ind2=" "><marc:subfield code="a">sa-----</marc:subfield></marc:datafield><marc:datafield tag="050" ind1="0" ind2="0"><marc:subfield code="a">F2230.1.S68</marc:subfield><marc:subfield code="b">A3 1983</marc:subfield></marc:datafield><marc:datafield tag="082" ind1="0" ind2="0"><marc:subfield code="a">305.8/98/0811</marc:subfield><marc:subfield code="2">19</marc:subfield></marc:datafield><marc:datafield tag="245" ind1="0" ind2="0"><marc:subfield code="a">Adaptive responses of native Amazonians /</marc:subfield><marc:subfield code="c">edited by Raymond B. Hames, William T. Vickers.</marc:subfield></marc:datafield><marc:datafield tag="260" ind1="0" ind2=" "><marc:subfield code="a">New York :</marc:subfield><marc:subfield code="b">Academic Press,</marc:subfield><marc:subfield code="c">1983.</marc:subfield></marc:datafield><marc:datafield tag="300" ind1=" " ind2=" "><marc:subfield code="a">xv, 516 p. :</marc:subfield><marc:subfield code="b">ill., map ;</marc:subfield><marc:subfield code="c">25 cm.</marc:subfield></marc:datafield><marc:datafield tag="490" ind1="1" ind2=" "><marc:subfield code="a">Studies in anthropology</marc:subfield></marc:datafield><marc:datafield tag="504" ind1=" " ind2=" "><marc:subfield code="a">Bibliography: p. 479-507.</marc:subfield></marc:datafield><marc:datafield tag="500" ind1=" " ind2=" "><marc:subfield code="a">Includes index.</marc:subfield></marc:datafield><marc:datafield tag="650" ind1=" " ind2="0"><marc:subfield code="a">Indians of South America</marc:subfield><marc:subfield code="z">Amazon River Valley</marc:subfield><marc:subfield code="x">Social conditions.</marc:subfield></marc:datafield><marc:datafield tag="650" ind1=" " ind2="0"><marc:subfield code="a">Indians of South America</marc:subfield><marc:subfield code="z">Amazon River Valley</marc:subfield><marc:subfield code="x">Social life and customs.</marc:subfield></marc:datafield><marc:datafield tag="650" ind1=" " ind2="0"><marc:subfield code="a">Human ecology</marc:subfield><marc:subfield code="z">Amazon River Valley.</marc:subfield></marc:datafield><marc:datafield tag="651" ind1=" " ind2="0"><marc:subfield code="a">Amazon River Valley</marc:subfield><marc:subfield code="x">Social conditions.</marc:subfield></marc:datafield><marc:datafield tag="700" ind1="1" ind2="0"><marc:subfield code="a">Hames, Raymond B.</marc:subfield></marc:datafield><marc:datafield tag="700" ind1="1" ind2="0"><marc:subfield code="a">Vickers, William T.</marc:subfield></marc:datafield><marc:datafield tag="830" ind1=" " ind2="0"><marc:subfield code="a">Studies in anthropology (Academic Press)</marc:subfield></marc:datafield><marc:datafield tag="035" ind1=" " ind2=" "><marc:subfield code="a">(TxDaGIAL)37741100008043</marc:subfield></marc:datafield><marc:controlfield tag="005">20080624154335.0</marc:controlfield><marc:controlfield tag="001">205</marc:controlfield><marc:controlfield tag="003">TxDaGIAL</marc:controlfield><marc:datafield tag="852" ind1=" " ind2=" "><marc:subfield code="p">37741100008043</marc:subfield><marc:subfield code="a">Library</marc:subfield><marc:subfield code="x">COPYID:229</marc:subfield><marc:subfield code="x">FSC@aRegular@c19950914</marc:subfield><marc:subfield code="h">305.8980811 A221h 1983</marc:subfield><marc:subfield code="z">10628</marc:subfield></marc:datafield></marc:record>