
<marc:record><marc:leader>00939nam a22002415a 4500</marc:leader>
<marc:controlfield tag="008">901026s1990    xx            00000 eng  </marc:controlfield>
<marc:datafield tag="010" ind1=" " ind2=" "><marc:subfield code="a">   90208836</marc:subfield></marc:datafield><marc:datafield tag="020" ind1=" " ind2=" "><marc:subfield code="a">0868923354</marc:subfield></marc:datafield><marc:datafield tag="040" ind1=" " ind2=" "><marc:subfield code="a">DLC</marc:subfield><marc:subfield code="c">DLC</marc:subfield><marc:subfield code="d">TxDaGIAL</marc:subfield></marc:datafield><marc:datafield tag="082" ind1="0" ind2="4"><marc:subfield code="a">303.482948</marc:subfield><marc:subfield code="2">20</marc:subfield></marc:datafield><marc:datafield tag="100" ind1="1" ind2="0"><marc:subfield code="a">Kennedy, Rod,</marc:subfield><marc:subfield code="d">1942-</marc:subfield></marc:datafield><marc:datafield tag="245" ind1="1" ind2="0"><marc:subfield code="a">Adha gar tidi :</marc:subfield><marc:subfield code="b">cultural sensitivity in western Torres Strait /</marc:subfield><marc:subfield code="c">Rod and Judy Kennedy (with the people of the western Torres Strait).</marc:subfield></marc:datafield><marc:datafield tag="260" ind1="0" ind2=" "><marc:subfield code="a">Darwin :</marc:subfield><marc:subfield code="b">Summer Institute of Linguistics, Australian Aborigines and Islanders Branch,</marc:subfield><marc:subfield code="c">1990.</marc:subfield></marc:datafield><marc:datafield tag="300" ind1=" " ind2=" "><marc:subfield code="a">ix, 76 p. ;</marc:subfield><marc:subfield code="c">26 cm.</marc:subfield></marc:datafield><marc:datafield tag="440" ind1=" " ind2="0"><marc:subfield code="a">Work papers of SIL-AAIB.</marc:subfield><marc:subfield code="n">Series B,</marc:subfield><marc:subfield code="x">1030-9861 ;</marc:subfield><marc:subfield code="v">v. 14</marc:subfield></marc:datafield><marc:datafield tag="650" ind1=" " ind2="0"><marc:subfield code="a">Cultural awareness.</marc:subfield></marc:datafield><marc:datafield tag="650" ind1=" " ind2="0"><marc:subfield code="a">Intercultural communication.</marc:subfield></marc:datafield><marc:datafield tag="650" ind1=" " ind2="0"><marc:subfield code="a">Torres Strait Islanders.</marc:subfield></marc:datafield><marc:datafield tag="035" ind1=" " ind2=" "><marc:subfield code="a">(TxDaGIAL)37741100003386</marc:subfield></marc:datafield><marc:controlfield tag="005">20080624154335.0</marc:controlfield><marc:controlfield tag="001">207</marc:controlfield><marc:controlfield tag="003">TxDaGIAL</marc:controlfield><marc:datafield tag="852" ind1=" " ind2=" "><marc:subfield code="p">37741100003386</marc:subfield><marc:subfield code="a">Library</marc:subfield><marc:subfield code="x">COPYID:231</marc:subfield><marc:subfield code="x">FSC@aRegular@c19950411</marc:subfield><marc:subfield code="h">303.482948 K36a 1990</marc:subfield><marc:subfield code="z">6-90</marc:subfield></marc:datafield></marc:record>