
<marc:record><marc:leader>00822nam a2200241Ii 4500</marc:leader>
<marc:controlfield tag="008">750128s1968    ne            00000 eng  </marc:controlfield>
<marc:datafield tag="010" ind1=" " ind2=" "><marc:subfield code="a">   67030544</marc:subfield></marc:datafield><marc:datafield tag="035" ind1=" " ind2=" "><marc:subfield code="a">(CU-UC)1846762</marc:subfield></marc:datafield><marc:datafield tag="040" ind1=" " ind2=" "><marc:subfield code="a">DLC</marc:subfield><marc:subfield code="c">DRB</marc:subfield><marc:subfield code="d">XBM</marc:subfield><marc:subfield code="d">OCoLC</marc:subfield><marc:subfield code="d">TOL</marc:subfield><marc:subfield code="d">m/c</marc:subfield><marc:subfield code="d">CLU</marc:subfield></marc:datafield><marc:datafield tag="050" ind1="0" ind2=" "><marc:subfield code="a">P25</marc:subfield><marc:subfield code="b">.P38 no.5</marc:subfield></marc:datafield><marc:datafield tag="100" ind1="1" ind2="0"><marc:subfield code="a">Vendler, Zeno.</marc:subfield></marc:datafield><marc:datafield tag="245" ind1="1" ind2="0"><marc:subfield code="a">Adjectives and nominalizations.</marc:subfield></marc:datafield><marc:datafield tag="260" ind1="0" ind2=" "><marc:subfield code="a">The Hague ;</marc:subfield><marc:subfield code="a">Paris :</marc:subfield><marc:subfield code="b">Mouton,</marc:subfield><marc:subfield code="c">1968.</marc:subfield></marc:datafield><marc:datafield tag="300" ind1=" " ind2=" "><marc:subfield code="a">136 p. ;</marc:subfield><marc:subfield code="c">23 cm.</marc:subfield></marc:datafield><marc:datafield tag="440" ind1=" " ind2="0"><marc:subfield code="a">Papers on formal linguistics ;</marc:subfield><marc:subfield code="v">no. 5.</marc:subfield></marc:datafield><marc:datafield tag="546" ind1=" " ind2=" "><marc:subfield code="a">English.</marc:subfield></marc:datafield><marc:datafield tag="650" ind1=" " ind2="0"><marc:subfield code="a">English language</marc:subfield><marc:subfield code="x">Grammar, Generative.</marc:subfield></marc:datafield><marc:datafield tag="035" ind1=" " ind2=" "><marc:subfield code="a">(TxDaGIAL)37741100017909</marc:subfield></marc:datafield><marc:controlfield tag="005">20080624154335.0</marc:controlfield><marc:controlfield tag="001">208</marc:controlfield><marc:controlfield tag="003">TxDaGIAL</marc:controlfield><marc:datafield tag="852" ind1=" " ind2=" "><marc:subfield code="p">37741100017909</marc:subfield><marc:subfield code="a">Library</marc:subfield><marc:subfield code="x">COPYID:232</marc:subfield><marc:subfield code="x">FSC@aRegular@c19970515</marc:subfield><marc:subfield code="h">415 V452 1968</marc:subfield><marc:subfield code="z">2898</marc:subfield></marc:datafield><marc:datafield tag="852" ind1=" " ind2=" "><marc:subfield code="p">37741100017910</marc:subfield><marc:subfield code="a">Library</marc:subfield><marc:subfield code="x">COPYID:233</marc:subfield><marc:subfield code="x">FSC@aRegular@c19970515</marc:subfield><marc:subfield code="h">415 V452 1968</marc:subfield><marc:subfield code="z">2899</marc:subfield></marc:datafield></marc:record>