
<marc:record><marc:leader>00848pam a2200241 a 4500</marc:leader>
<marc:controlfield tag="008">930914s1993    enk      b    001 0 eng  </marc:controlfield>
<marc:datafield tag="010" ind1=" " ind2=" "><marc:subfield code="a">   92037660</marc:subfield></marc:datafield><marc:datafield tag="020" ind1=" " ind2=" "><marc:subfield code="a">0415065321 (text) :</marc:subfield><marc:subfield code="c">$55.00</marc:subfield></marc:datafield><marc:datafield tag="040" ind1=" " ind2=" "><marc:subfield code="a">DLC</marc:subfield><marc:subfield code="c">DLC</marc:subfield><marc:subfield code="d">DLC</marc:subfield></marc:datafield><marc:datafield tag="043" ind1=" " ind2=" "><marc:subfield code="a">e-uk---</marc:subfield></marc:datafield><marc:datafield tag="050" ind1="0" ind2="0"><marc:subfield code="a">LC5256.G7</marc:subfield><marc:subfield code="b">J37 1993</marc:subfield></marc:datafield><marc:datafield tag="082" ind1="0" ind2="0"><marc:subfield code="a">374/.841</marc:subfield><marc:subfield code="2">20</marc:subfield></marc:datafield><marc:datafield tag="100" ind1="1" ind2=" "><marc:subfield code="a">Jarvis, Peter,</marc:subfield><marc:subfield code="d">1937-</marc:subfield></marc:datafield><marc:datafield tag="245" ind1="1" ind2="0"><marc:subfield code="a">Adult education and the state :</marc:subfield><marc:subfield code="b">towards a politics of adult education /</marc:subfield><marc:subfield code="c">Peter Jarvis.</marc:subfield></marc:datafield><marc:datafield tag="260" ind1=" " ind2=" "><marc:subfield code="a">London ;</marc:subfield><marc:subfield code="a">New York :</marc:subfield><marc:subfield code="b">Routledge,</marc:subfield><marc:subfield code="c">1993.</marc:subfield></marc:datafield><marc:datafield tag="300" ind1=" " ind2=" "><marc:subfield code="a">viii, 165 p. ;</marc:subfield><marc:subfield code="c">22 cm.</marc:subfield></marc:datafield><marc:datafield tag="504" ind1=" " ind2=" "><marc:subfield code="a">Includes bibliographical references and index.</marc:subfield></marc:datafield><marc:datafield tag="650" ind1=" " ind2="0"><marc:subfield code="a">Adult education and state</marc:subfield><marc:subfield code="z">Great Britain.</marc:subfield></marc:datafield><marc:datafield tag="035" ind1=" " ind2=" "><marc:subfield code="a">(TxDaGIAL)37741100005414</marc:subfield></marc:datafield><marc:controlfield tag="005">20080624154335.0</marc:controlfield><marc:controlfield tag="001">209</marc:controlfield><marc:controlfield tag="003">TxDaGIAL</marc:controlfield><marc:datafield tag="852" ind1=" " ind2=" "><marc:subfield code="p">37741100005414</marc:subfield><marc:subfield code="a">Library</marc:subfield><marc:subfield code="9">$47.85</marc:subfield><marc:subfield code="x">COPYID:234</marc:subfield><marc:subfield code="x">FSC@aRegular@c19950701</marc:subfield><marc:subfield code="h">374.841 J38a 1993</marc:subfield><marc:subfield code="z">B/T 6-95</marc:subfield></marc:datafield></marc:record>