
<marc:record><marc:leader>00961nam a2200253 i 4500</marc:leader>
<marc:controlfield tag="008">950629s1993    xxu           000 0 eng d</marc:controlfield>
<marc:datafield tag="020" ind1=" " ind2=" "><marc:subfield code="a">1555426859 :</marc:subfield><marc:subfield code="c">$15.95</marc:subfield></marc:datafield><marc:datafield tag="040" ind1=" " ind2=" "><marc:subfield code="c">TxDaGIAL</marc:subfield><marc:subfield code="d">TxDaGIAL</marc:subfield></marc:datafield><marc:datafield tag="082" ind1="0" ind2="4"><marc:subfield code="a">374</marc:subfield><marc:subfield code="2">20</marc:subfield></marc:datafield><marc:datafield tag="245" ind1="0" ind2="4"><marc:subfield code="a">The Adult educator as consultant /</marc:subfield><marc:subfield code="c">Lois J. Zachary, Sally Vernon, editors.</marc:subfield></marc:datafield><marc:datafield tag="260" ind1=" " ind2=" "><marc:subfield code="a">San Francisco :</marc:subfield><marc:subfield code="b">Jossey-Bass,</marc:subfield><marc:subfield code="c">c1993.</marc:subfield></marc:datafield><marc:datafield tag="300" ind1=" " ind2=" "><marc:subfield code="a">103 p. ;</marc:subfield><marc:subfield code="c">23 cm.</marc:subfield></marc:datafield><marc:datafield tag="490" ind1="1" ind2=" "><marc:subfield code="a">New directions for adult and continuing education ;</marc:subfield><marc:subfield code="v">no. 58 (Summer 1993),</marc:subfield><marc:subfield code="x">0195-2242</marc:subfield></marc:datafield><marc:datafield tag="504" ind1=" " ind2=" "><marc:subfield code="a">Includes bibliographical references and index.</marc:subfield></marc:datafield><marc:datafield tag="650" ind1=" " ind2="0"><marc:subfield code="a">Adult education educators.</marc:subfield></marc:datafield><marc:datafield tag="650" ind1=" " ind2="0"><marc:subfield code="a">Educational consultants.</marc:subfield></marc:datafield><marc:datafield tag="700" ind1="1" ind2="0"><marc:subfield code="a">Zachary, Lois J.</marc:subfield></marc:datafield><marc:datafield tag="700" ind1="1" ind2="0"><marc:subfield code="a">Vernon, Sally.</marc:subfield></marc:datafield><marc:datafield tag="830" ind1=" " ind2="0"><marc:subfield code="a">New directions for adult and continuing education ;</marc:subfield><marc:subfield code="v">no. 58.</marc:subfield></marc:datafield><marc:datafield tag="035" ind1=" " ind2=" "><marc:subfield code="a">(TxDaGIAL)37741100005342</marc:subfield></marc:datafield><marc:controlfield tag="005">20080624154336.0</marc:controlfield><marc:controlfield tag="001">210</marc:controlfield><marc:controlfield tag="003">TxDaGIAL</marc:controlfield><marc:datafield tag="852" ind1=" " ind2=" "><marc:subfield code="p">37741100005342</marc:subfield><marc:subfield code="a">Library</marc:subfield><marc:subfield code="9">$13.88</marc:subfield><marc:subfield code="x">COPYID:235</marc:subfield><marc:subfield code="x">FSC@aRegular@c19950629</marc:subfield><marc:subfield code="h">374 A244z 1993</marc:subfield><marc:subfield code="z">B/T 6-95</marc:subfield></marc:datafield></marc:record>