
<marc:record><marc:leader>00995cam a2200289 i 4500</marc:leader>
<marc:controlfield tag="008">790129s1979    nyua     b    00110 eng  </marc:controlfield>
<marc:datafield tag="010" ind1=" " ind2=" "><marc:subfield code="a">   79001020 //r922</marc:subfield></marc:datafield><marc:datafield tag="020" ind1=" " ind2=" "><marc:subfield code="a">0070313806</marc:subfield></marc:datafield><marc:datafield tag="020" ind1=" " ind2=" "><marc:subfield code="a">0070313695 :</marc:subfield><marc:subfield code="c">$8.95</marc:subfield></marc:datafield><marc:datafield tag="040" ind1=" " ind2=" "><marc:subfield code="a">DLC</marc:subfield><marc:subfield code="c">DLC</marc:subfield><marc:subfield code="d">DLC</marc:subfield><marc:subfield code="d">TxDaGIAL</marc:subfield></marc:datafield><marc:datafield tag="043" ind1=" " ind2=" "><marc:subfield code="a">n-us---</marc:subfield></marc:datafield><marc:datafield tag="050" ind1="0" ind2="0"><marc:subfield code="a">LC151</marc:subfield><marc:subfield code="b">.H86</marc:subfield></marc:datafield><marc:datafield tag="082" ind1="0" ind2="0"><marc:subfield code="a">374/.012</marc:subfield></marc:datafield><marc:datafield tag="100" ind1="1" ind2="0"><marc:subfield code="a">Hunter, Carman St. John.</marc:subfield></marc:datafield><marc:datafield tag="245" ind1="1" ind2="0"><marc:subfield code="a">Adult illiteracy in the United States :</marc:subfield><marc:subfield code="b">a report to the Ford Foundation /</marc:subfield><marc:subfield code="c">by Carman St. John Hunter, with David Harman.</marc:subfield></marc:datafield><marc:datafield tag="260" ind1="0" ind2=" "><marc:subfield code="a">New York :</marc:subfield><marc:subfield code="b">McGraw-Hill,</marc:subfield><marc:subfield code="c">c1979.</marc:subfield></marc:datafield><marc:datafield tag="300" ind1=" " ind2=" "><marc:subfield code="a">xii, 206 p. :</marc:subfield><marc:subfield code="b">ill. ;</marc:subfield><marc:subfield code="c">24 cm.</marc:subfield></marc:datafield><marc:datafield tag="504" ind1=" " ind2=" "><marc:subfield code="a">Bibliography: p. [143]-197.</marc:subfield></marc:datafield><marc:datafield tag="500" ind1=" " ind2=" "><marc:subfield code="a">Includes index.</marc:subfield></marc:datafield><marc:datafield tag="650" ind1=" " ind2="0"><marc:subfield code="a">Literacy</marc:subfield><marc:subfield code="z">United States.</marc:subfield></marc:datafield><marc:datafield tag="700" ind1="1" ind2="0"><marc:subfield code="a">Harman, David,</marc:subfield><marc:subfield code="d">1944-</marc:subfield><marc:subfield code="e">joint author.</marc:subfield></marc:datafield><marc:datafield tag="710" ind1="2" ind2="0"><marc:subfield code="a">Ford Foundation.</marc:subfield></marc:datafield><marc:datafield tag="035" ind1=" " ind2=" "><marc:subfield code="a">(TxDaGIAL)37741100009650</marc:subfield></marc:datafield><marc:controlfield tag="005">20080624154336.0</marc:controlfield><marc:controlfield tag="001">211</marc:controlfield><marc:controlfield tag="003">TxDaGIAL</marc:controlfield><marc:datafield tag="852" ind1=" " ind2=" "><marc:subfield code="p">37741100009650</marc:subfield><marc:subfield code="a">Library</marc:subfield><marc:subfield code="9">$8.95</marc:subfield><marc:subfield code="x">COPYID:236</marc:subfield><marc:subfield code="x">FSC@aRegular@c19951122</marc:subfield><marc:subfield code="h">374.0120973 H945a 1979</marc:subfield><marc:subfield code="z">B/T 3-89</marc:subfield></marc:datafield></marc:record>