
<marc:record><marc:leader>00933pam a2200277 a 4500</marc:leader>
<marc:controlfield tag="008">840420s1984    deu      ab   00110 eng  </marc:controlfield>
<marc:datafield tag="010" ind1=" " ind2=" "><marc:subfield code="a">   84009038</marc:subfield></marc:datafield><marc:datafield tag="020" ind1=" " ind2=" "><marc:subfield code="a">0872073408 (pbk.)</marc:subfield></marc:datafield><marc:datafield tag="040" ind1=" " ind2=" "><marc:subfield code="a">DLC</marc:subfield><marc:subfield code="c">DLC</marc:subfield></marc:datafield><marc:datafield tag="050" ind1="0" ind2=" "><marc:subfield code="a">LC149</marc:subfield><marc:subfield code="b">.K39 1984</marc:subfield></marc:datafield><marc:datafield tag="082" ind1="0" ind2=" "><marc:subfield code="a">374/.012</marc:subfield><marc:subfield code="2">19</marc:subfield></marc:datafield><marc:datafield tag="100" ind1="1" ind2="0"><marc:subfield code="a">Kazemek, Francis E.</marc:subfield></marc:datafield><marc:datafield tag="245" ind1="1" ind2="0"><marc:subfield code="a">Adult literacy :</marc:subfield><marc:subfield code="b">an annotated bibliography /</marc:subfield><marc:subfield code="c">compiled by Francis E. Kazemek and Pat Rigg.</marc:subfield></marc:datafield><marc:datafield tag="260" ind1="0" ind2=" "><marc:subfield code="a">Newark, Del. :</marc:subfield><marc:subfield code="b">International Reading Association,</marc:subfield><marc:subfield code="c">1984.</marc:subfield></marc:datafield><marc:datafield tag="300" ind1=" " ind2=" "><marc:subfield code="a">xii, 36 p. ;</marc:subfield><marc:subfield code="c">22 cm.</marc:subfield></marc:datafield><marc:datafield tag="440" ind1=" " ind2="0"><marc:subfield code="a">IRA annotated bibliography series</marc:subfield></marc:datafield><marc:datafield tag="504" ind1=" " ind2=" "><marc:subfield code="a">Bibliography: p. vi-xii.</marc:subfield></marc:datafield><marc:datafield tag="500" ind1=" " ind2=" "><marc:subfield code="a">Includes index.</marc:subfield></marc:datafield><marc:datafield tag="650" ind1=" " ind2="0"><marc:subfield code="a">Literacy</marc:subfield><marc:subfield code="v">Abstracts.</marc:subfield></marc:datafield><marc:datafield tag="650" ind1=" " ind2="0"><marc:subfield code="a">Reading (Adult education)</marc:subfield><marc:subfield code="v">Abstracts.</marc:subfield></marc:datafield><marc:datafield tag="700" ind1="1" ind2="0"><marc:subfield code="a">Rigg, Pat.</marc:subfield></marc:datafield><marc:datafield tag="035" ind1=" " ind2=" "><marc:subfield code="a">(TxDaGIAL)37741100009675</marc:subfield></marc:datafield><marc:controlfield tag="005">20080624154336.0</marc:controlfield><marc:controlfield tag="001">214</marc:controlfield><marc:controlfield tag="003">TxDaGIAL</marc:controlfield><marc:datafield tag="852" ind1=" " ind2=" "><marc:subfield code="p">37741100009675</marc:subfield><marc:subfield code="a">Library</marc:subfield><marc:subfield code="x">COPYID:239</marc:subfield><marc:subfield code="x">FSC@aRegular@c19951122</marc:subfield><marc:subfield code="h">374.012 K23a 1984</marc:subfield><marc:subfield code="z">11476</marc:subfield></marc:datafield></marc:record>