
<marc:record><marc:leader>01080cam a2200277 a 4500</marc:leader>
<marc:controlfield tag="008">900611s1990    deua     b    00010 eng  </marc:controlfield>
<marc:datafield tag="010" ind1=" " ind2=" "><marc:subfield code="a">   90038481 //r91</marc:subfield></marc:datafield><marc:datafield tag="020" ind1=" " ind2=" "><marc:subfield code="a">0872073564</marc:subfield></marc:datafield><marc:datafield tag="040" ind1=" " ind2=" "><marc:subfield code="a">DLC</marc:subfield><marc:subfield code="c">DLC</marc:subfield><marc:subfield code="d">InU</marc:subfield></marc:datafield><marc:datafield tag="043" ind1=" " ind2=" "><marc:subfield code="a">n-us---</marc:subfield></marc:datafield><marc:datafield tag="050" ind1="0" ind2="0"><marc:subfield code="a">LC149.7</marc:subfield><marc:subfield code="b">.N49 1990</marc:subfield></marc:datafield><marc:datafield tag="082" ind1="0" ind2="0"><marc:subfield code="a">374/.012</marc:subfield><marc:subfield code="2">20</marc:subfield></marc:datafield><marc:datafield tag="100" ind1="1" ind2="0"><marc:subfield code="a">Newman, Anabel P.</marc:subfield></marc:datafield><marc:datafield tag="245" ind1="1" ind2="0"><marc:subfield code="a">Adult literacy :</marc:subfield><marc:subfield code="b">contexts &amp; challenges /</marc:subfield><marc:subfield code="c">Anabel Powell Newman, Caroline Beverstock.</marc:subfield></marc:datafield><marc:datafield tag="260" ind1="0" ind2=" "><marc:subfield code="a">Newark, Del. :</marc:subfield><marc:subfield code="b">International Reading Association ;</marc:subfield><marc:subfield code="a">Bloomington, Ind. :</marc:subfield><marc:subfield code="b">ERIC Clearinghouse on Reading and Communications Skills, Indiana University,</marc:subfield><marc:subfield code="c">c1990.</marc:subfield></marc:datafield><marc:datafield tag="300" ind1=" " ind2=" "><marc:subfield code="a">xi, 218 p. :</marc:subfield><marc:subfield code="b">ill. ;</marc:subfield><marc:subfield code="c">22 cm.</marc:subfield></marc:datafield><marc:datafield tag="504" ind1=" " ind2=" "><marc:subfield code="a">Includes bibliographical references.</marc:subfield></marc:datafield><marc:datafield tag="650" ind1=" " ind2="0"><marc:subfield code="a">Functional literacy</marc:subfield><marc:subfield code="z">United States.</marc:subfield></marc:datafield><marc:datafield tag="650" ind1=" " ind2="0"><marc:subfield code="a">Functional literacy</marc:subfield><marc:subfield code="z">United States</marc:subfield><marc:subfield code="x">History.</marc:subfield></marc:datafield><marc:datafield tag="650" ind1=" " ind2="0"><marc:subfield code="a">Literacy</marc:subfield><marc:subfield code="z">United States.</marc:subfield></marc:datafield><marc:datafield tag="700" ind1="1" ind2="0"><marc:subfield code="a">Beverstock, Caroline.</marc:subfield></marc:datafield><marc:datafield tag="035" ind1=" " ind2=" "><marc:subfield code="a">(TxDaGIAL)37741100009653</marc:subfield></marc:datafield><marc:controlfield tag="005">20080624154337.0</marc:controlfield><marc:controlfield tag="001">215</marc:controlfield><marc:controlfield tag="003">TxDaGIAL</marc:controlfield><marc:datafield tag="852" ind1=" " ind2=" "><marc:subfield code="p">37741100009653</marc:subfield><marc:subfield code="a">Library</marc:subfield><marc:subfield code="9">$10.35</marc:subfield><marc:subfield code="x">COPYID:240</marc:subfield><marc:subfield code="x">FSC@aRegular@c19951122</marc:subfield><marc:subfield code="h">374.0120973 N551a 1990</marc:subfield><marc:subfield code="z">6-91</marc:subfield></marc:datafield></marc:record>