
<marc:record><marc:leader>01243cam a2200289 a 4500</marc:leader>
<marc:controlfield tag="008">871201s1984    ohu      b   f00010 eng d</marc:controlfield>
<marc:datafield tag="035" ind1=" " ind2=" "><marc:subfield code="a">(CU-UC)3071739</marc:subfield></marc:datafield><marc:datafield tag="037" ind1=" " ind2=" "><marc:subfield code="a">ED246308</marc:subfield><marc:subfield code="b">GPO</marc:subfield></marc:datafield><marc:datafield tag="040" ind1=" " ind2=" "><marc:subfield code="a">GPO</marc:subfield><marc:subfield code="c">GPO</marc:subfield><marc:subfield code="d">MvI-cor</marc:subfield></marc:datafield><marc:datafield tag="043" ind1=" " ind2=" "><marc:subfield code="a">n-us---</marc:subfield></marc:datafield><marc:datafield tag="100" ind1="1" ind2="0"><marc:subfield code="a">Fingeret, Hanna Arlene.</marc:subfield></marc:datafield><marc:datafield tag="245" ind1="1" ind2="0"><marc:subfield code="a">Adult literacy education :</marc:subfield><marc:subfield code="b">current and future directions /</marc:subfield><marc:subfield code="c">by Arlene Fingeret.</marc:subfield></marc:datafield><marc:datafield tag="260" ind1="0" ind2=" "><marc:subfield code="a">Columbus, Ohio :</marc:subfield><marc:subfield code="b">Eric Clearinghouse on Adult, Career, and Vocational Education, The National Center for Research in Vocational Education, the Ohio State University,</marc:subfield><marc:subfield code="c">1984.</marc:subfield></marc:datafield><marc:datafield tag="300" ind1=" " ind2=" "><marc:subfield code="a">vii, 56 leaves ;</marc:subfield><marc:subfield code="c">28 cm.</marc:subfield></marc:datafield><marc:datafield tag="500" ind1=" " ind2=" "><marc:subfield code="a">&quot;Source of contract: National Institute of Education&quot;--P. ii.</marc:subfield></marc:datafield><marc:datafield tag="500" ind1=" " ind2=" "><marc:subfield code="a">Distributed to depository libraries in microfiche.</marc:subfield></marc:datafield><marc:datafield tag="500" ind1=" " ind2=" "><marc:subfield code="a">&quot;Contract number: NIE-C-400-81-0035&quot;--P. ii.</marc:subfield></marc:datafield><marc:datafield tag="504" ind1=" " ind2=" "><marc:subfield code="a">Bibliography: leaves 53-64.</marc:subfield></marc:datafield><marc:datafield tag="546" ind1=" " ind2=" "><marc:subfield code="a">English.</marc:subfield></marc:datafield><marc:datafield tag="650" ind1=" " ind2="0"><marc:subfield code="a">Reading (Adult education)</marc:subfield><marc:subfield code="z">United States.</marc:subfield></marc:datafield><marc:datafield tag="710" ind1="2" ind2="0"><marc:subfield code="a">ERIC Clearinghouse on Adult, Career, and Vocational Education.</marc:subfield></marc:datafield><marc:datafield tag="710" ind1="2" ind2="0"><marc:subfield code="a">National Institute of Education (U.S.)</marc:subfield></marc:datafield><marc:datafield tag="035" ind1=" " ind2=" "><marc:subfield code="a">(TxDaGIAL)37741100019929</marc:subfield></marc:datafield><marc:controlfield tag="005">20080624154337.0</marc:controlfield><marc:controlfield tag="001">216</marc:controlfield><marc:controlfield tag="003">TxDaGIAL</marc:controlfield><marc:datafield tag="852" ind1=" " ind2=" "><marc:subfield code="p">37741100019929</marc:subfield><marc:subfield code="a">Library</marc:subfield><marc:subfield code="x">COPYID:241</marc:subfield><marc:subfield code="x">FSC@aRegular@c19970827</marc:subfield><marc:subfield code="h">374.0124 F497a 1984</marc:subfield><marc:subfield code="z">12911</marc:subfield></marc:datafield></marc:record>