
<marc:record><marc:leader>00702ntm a2200193 a 4500</marc:leader>
<marc:controlfield tag="008">970912s1985    txu           000 0 eng d</marc:controlfield>
<marc:datafield tag="040" ind1=" " ind2=" "><marc:subfield code="a">TxDaGIAL</marc:subfield><marc:subfield code="c">TxDaGIAL</marc:subfield></marc:datafield><marc:datafield tag="100" ind1="1" ind2=" "><marc:subfield code="a">Jacob-Timm, Susan,</marc:subfield><marc:subfield code="d">1949-</marc:subfield></marc:datafield><marc:datafield tag="245" ind1="1" ind2="0"><marc:subfield code="a">Adult literacy programs in India</marc:subfield><marc:subfield code="h">[manuscript] :</marc:subfield><marc:subfield code="b">an evaluation /</marc:subfield><marc:subfield code="c">by Susan Jacob.</marc:subfield></marc:datafield><marc:datafield tag="260" ind1=" " ind2=" "><marc:subfield code="c">1985.</marc:subfield></marc:datafield><marc:datafield tag="300" ind1=" " ind2=" "><marc:subfield code="a">97, [vi] leaves ;</marc:subfield><marc:subfield code="c">29 cm.</marc:subfield></marc:datafield><marc:datafield tag="502" ind1=" " ind2=" "><marc:subfield code="a">Non-thesis project (M.A.)--University of Texas at Arlington, 1985.</marc:subfield></marc:datafield><marc:datafield tag="504" ind1=" " ind2=" "><marc:subfield code="a">Bibliography: leaves [iii-vi].</marc:subfield></marc:datafield><marc:datafield tag="650" ind1=" " ind2="0"><marc:subfield code="a">Functional literacy</marc:subfield><marc:subfield code="z">India.</marc:subfield></marc:datafield><marc:datafield tag="035" ind1=" " ind2=" "><marc:subfield code="a">(TxDaGIAL)37741100020376</marc:subfield></marc:datafield><marc:controlfield tag="005">20080624154338.0</marc:controlfield><marc:controlfield tag="001">219</marc:controlfield><marc:controlfield tag="003">TxDaGIAL</marc:controlfield><marc:datafield tag="852" ind1=" " ind2=" "><marc:subfield code="p">37741100020376</marc:subfield><marc:subfield code="a">Library</marc:subfield><marc:subfield code="x">COPYID:244</marc:subfield><marc:subfield code="x">FSC@aRegular@c19970905</marc:subfield><marc:subfield code="h">374.954 J15a 1985</marc:subfield><marc:subfield code="z">11799</marc:subfield></marc:datafield></marc:record>