
<marc:record><marc:leader>01212cam a2200301 i 4500</marc:leader>
<marc:controlfield tag="008">800703s1979    vaua     b    00010 eng  </marc:controlfield>
<marc:datafield tag="010" ind1=" " ind2=" "><marc:subfield code="a">   80114736 //r934</marc:subfield></marc:datafield><marc:datafield tag="020" ind1=" " ind2=" "><marc:subfield code="a">0872811085 (pbk.) :</marc:subfield><marc:subfield code="c">$5.95</marc:subfield></marc:datafield><marc:datafield tag="040" ind1=" " ind2=" "><marc:subfield code="a">DLC</marc:subfield><marc:subfield code="c">DLC</marc:subfield><marc:subfield code="d">DLC</marc:subfield><marc:subfield code="d">TxDaGIAL</marc:subfield></marc:datafield><marc:datafield tag="050" ind1="0" ind2="0"><marc:subfield code="a">PE1128.A2</marc:subfield><marc:subfield code="b">C695</marc:subfield></marc:datafield><marc:datafield tag="082" ind1="0" ind2="0"><marc:subfield code="a">428/.007/15</marc:subfield><marc:subfield code="2">19</marc:subfield></marc:datafield><marc:datafield tag="100" ind1="1" ind2="0"><marc:subfield code="a">Crandall, Jo Ann.</marc:subfield></marc:datafield><marc:datafield tag="245" ind1="1" ind2="0"><marc:subfield code="a">Adult vocational ESL /</marc:subfield><marc:subfield code="c">Jo Ann Crandall ; illustrated by Roslyn Holdzkom ; prepared by ERIC Clearinghouse on Languages and Linguistics.</marc:subfield></marc:datafield><marc:datafield tag="260" ind1="0" ind2=" "><marc:subfield code="a">Arlington, Va. :</marc:subfield><marc:subfield code="b">Center for Applied Linguistics,</marc:subfield><marc:subfield code="c">1979.</marc:subfield></marc:datafield><marc:datafield tag="300" ind1=" " ind2=" "><marc:subfield code="a">vii, 51 p. :</marc:subfield><marc:subfield code="b">ill. ;</marc:subfield><marc:subfield code="c">28 cm.</marc:subfield></marc:datafield><marc:datafield tag="440" ind1=" " ind2="0"><marc:subfield code="a">Language in education: theory and practice ;</marc:subfield><marc:subfield code="v">22</marc:subfield></marc:datafield><marc:datafield tag="504" ind1=" " ind2=" "><marc:subfield code="a">Bibliography: p. 33-50.</marc:subfield></marc:datafield><marc:datafield tag="650" ind1=" " ind2="0"><marc:subfield code="a">English language</marc:subfield><marc:subfield code="x">Study and teaching</marc:subfield><marc:subfield code="x">Foreign speakers.</marc:subfield></marc:datafield><marc:datafield tag="650" ind1=" " ind2="0"><marc:subfield code="a">Vocational teachers</marc:subfield><marc:subfield code="x">Training of.</marc:subfield></marc:datafield><marc:datafield tag="650" ind1=" " ind2="0"><marc:subfield code="a">Adult education teachers</marc:subfield><marc:subfield code="x">Training of.</marc:subfield></marc:datafield><marc:datafield tag="650" ind1=" " ind2="0"><marc:subfield code="a">English teachers</marc:subfield><marc:subfield code="x">Training of.</marc:subfield></marc:datafield><marc:datafield tag="710" ind1="2" ind2="0"><marc:subfield code="a">ERIC Clearinghouse on Languages and Linguistics.</marc:subfield></marc:datafield><marc:datafield tag="710" ind1="2" ind2="0"><marc:subfield code="a">Center for Applied Linguistics.</marc:subfield></marc:datafield><marc:datafield tag="035" ind1=" " ind2=" "><marc:subfield code="a">(TxDaGIAL)37741100009603</marc:subfield></marc:datafield><marc:controlfield tag="005">20080624154338.0</marc:controlfield><marc:controlfield tag="001">220</marc:controlfield><marc:controlfield tag="003">TxDaGIAL</marc:controlfield><marc:datafield tag="852" ind1=" " ind2=" "><marc:subfield code="p">37741100009603</marc:subfield><marc:subfield code="a">Library</marc:subfield><marc:subfield code="x">COPYID:245</marc:subfield><marc:subfield code="x">FSC@aRegular@c19951114</marc:subfield><marc:subfield code="h">428.00715 C891a 1979</marc:subfield></marc:datafield></marc:record>