
<marc:record><marc:leader>00899cam a2200277 i 4500</marc:leader>
<marc:controlfield tag="008">900625s1981    cau      b    00110 eng  </marc:controlfield>
<marc:datafield tag="010" ind1=" " ind2=" "><marc:subfield code="a">   80026985 //r842</marc:subfield></marc:datafield><marc:datafield tag="020" ind1=" " ind2=" "><marc:subfield code="a">1555424457 (pbk.) :</marc:subfield><marc:subfield code="c">$22.95</marc:subfield></marc:datafield><marc:datafield tag="040" ind1=" " ind2=" "><marc:subfield code="a">DLC</marc:subfield><marc:subfield code="c">DLC</marc:subfield><marc:subfield code="d">DLC</marc:subfield></marc:datafield><marc:datafield tag="050" ind1="0" ind2="0"><marc:subfield code="a">LC5219</marc:subfield><marc:subfield code="b">.C744</marc:subfield></marc:datafield><marc:datafield tag="082" ind1="0" ind2="0"><marc:subfield code="a">374</marc:subfield><marc:subfield code="2">19</marc:subfield></marc:datafield><marc:datafield tag="100" ind1="1" ind2="0"><marc:subfield code="a">Cross, K. Patricia</marc:subfield><marc:subfield code="q">(Kathryn Patricia),</marc:subfield><marc:subfield code="d">1926-</marc:subfield></marc:datafield><marc:datafield tag="245" ind1="1" ind2="0"><marc:subfield code="a">Adults as learners /</marc:subfield><marc:subfield code="c">K. Patricia Cross.</marc:subfield></marc:datafield><marc:datafield tag="250" ind1=" " ind2=" "><marc:subfield code="a">1st ed.</marc:subfield></marc:datafield><marc:datafield tag="260" ind1="0" ind2=" "><marc:subfield code="a">San Francisco :</marc:subfield><marc:subfield code="b">Jossey-Bass,</marc:subfield><marc:subfield code="c">1981.</marc:subfield></marc:datafield><marc:datafield tag="300" ind1=" " ind2=" "><marc:subfield code="a">xxvi, 300 p. ;</marc:subfield><marc:subfield code="c">24 cm.</marc:subfield></marc:datafield><marc:datafield tag="490" ind1="0" ind2=" "><marc:subfield code="a">The Jossey-Bass series in higher education</marc:subfield></marc:datafield><marc:datafield tag="504" ind1=" " ind2=" "><marc:subfield code="a">Bibliography: p. 265-287.</marc:subfield></marc:datafield><marc:datafield tag="500" ind1=" " ind2=" "><marc:subfield code="a">Includes index.</marc:subfield></marc:datafield><marc:datafield tag="650" ind1=" " ind2="0"><marc:subfield code="a">Adult education.</marc:subfield></marc:datafield><marc:datafield tag="650" ind1=" " ind2="0"><marc:subfield code="a">Continuing education.</marc:subfield></marc:datafield><marc:datafield tag="035" ind1=" " ind2=" "><marc:subfield code="a">(TxDaGIAL)37741100004664</marc:subfield></marc:datafield><marc:controlfield tag="005">20080624154338.0</marc:controlfield><marc:controlfield tag="001">221</marc:controlfield><marc:controlfield tag="003">TxDaGIAL</marc:controlfield><marc:datafield tag="852" ind1=" " ind2=" "><marc:subfield code="p">37741100004664</marc:subfield><marc:subfield code="a">Library</marc:subfield><marc:subfield code="9">$19.97</marc:subfield><marc:subfield code="x">COPYID:246</marc:subfield><marc:subfield code="x">FSC@aRegular@c19950605</marc:subfield><marc:subfield code="h">374 C951a 1981</marc:subfield><marc:subfield code="z">B/T 5-95</marc:subfield></marc:datafield></marc:record>