
<marc:record><marc:leader>00904nam a2200229Ia 4500</marc:leader>
<marc:controlfield tag="008">831017s1982    enka          00010 eng d</marc:controlfield>
<marc:datafield tag="020" ind1=" " ind2=" "><marc:subfield code="a">0906436176</marc:subfield></marc:datafield><marc:datafield tag="035" ind1=" " ind2=" "><marc:subfield code="a">(CU-UC)3001195</marc:subfield></marc:datafield><marc:datafield tag="040" ind1=" " ind2=" "><marc:subfield code="a">EUT</marc:subfield><marc:subfield code="c">EUT</marc:subfield><marc:subfield code="d">CLU</marc:subfield></marc:datafield><marc:datafield tag="043" ind1=" " ind2=" "><marc:subfield code="a">e-uk---</marc:subfield></marc:datafield><marc:datafield tag="110" ind1="1" ind2="0"><marc:subfield code="a">Great Britain.</marc:subfield><marc:subfield code="b">Advisory Council for Adult and Continuing Education.</marc:subfield></marc:datafield><marc:datafield tag="245" ind1="1" ind2="0"><marc:subfield code="a">Adults :</marc:subfield><marc:subfield code="b">their educational experience and needs. The report of a national survey /</marc:subfield><marc:subfield code="c">Advisory Council for Adult and Continuing Education.</marc:subfield></marc:datafield><marc:datafield tag="260" ind1="0" ind2=" "><marc:subfield code="a">Leicester :</marc:subfield><marc:subfield code="b">Advisory Council for Adult and Continuing Education,</marc:subfield><marc:subfield code="c">c1982.</marc:subfield></marc:datafield><marc:datafield tag="300" ind1=" " ind2=" "><marc:subfield code="a">135 p. :</marc:subfield><marc:subfield code="b">ill. ;</marc:subfield><marc:subfield code="c">21 cm.</marc:subfield></marc:datafield><marc:datafield tag="500" ind1=" " ind2=" "><marc:subfield code="a">Appendix contains details of the national survey.</marc:subfield></marc:datafield><marc:datafield tag="546" ind1=" " ind2=" "><marc:subfield code="a">English.</marc:subfield></marc:datafield><marc:datafield tag="650" ind1=" " ind2="0"><marc:subfield code="a">Adult education</marc:subfield><marc:subfield code="z">Great Britain.</marc:subfield></marc:datafield><marc:datafield tag="035" ind1=" " ind2=" "><marc:subfield code="a">(TxDaGIAL)37741100020127</marc:subfield></marc:datafield><marc:controlfield tag="005">20080624154338.0</marc:controlfield><marc:controlfield tag="001">223</marc:controlfield><marc:controlfield tag="003">TxDaGIAL</marc:controlfield><marc:datafield tag="852" ind1=" " ind2=" "><marc:subfield code="p">37741100020127</marc:subfield><marc:subfield code="a">Library</marc:subfield><marc:subfield code="x">COPYID:248</marc:subfield><marc:subfield code="x">FSC@aRegular@c19970811</marc:subfield><marc:subfield code="h">374 A244 1982</marc:subfield><marc:subfield code="z">9923</marc:subfield></marc:datafield></marc:record>