
<marc:record><marc:leader>01118nam a2200253 i 4500</marc:leader>
<marc:controlfield tag="008">960513s1989    pp            000 0 eng d</marc:controlfield>
<marc:datafield tag="020" ind1=" " ind2=" "><marc:subfield code="a">9980004932</marc:subfield></marc:datafield><marc:datafield tag="040" ind1=" " ind2=" "><marc:subfield code="a">TxDaGIAL</marc:subfield><marc:subfield code="c">TxDaGIAL</marc:subfield></marc:datafield><marc:datafield tag="041" ind1="1" ind2=" "><marc:subfield code="a">tpieng</marc:subfield><marc:subfield code="b">eng</marc:subfield></marc:datafield><marc:datafield tag="082" ind1="0" ind2="4"><marc:subfield code="a">427.9953</marc:subfield><marc:subfield code="2">20</marc:subfield></marc:datafield><marc:datafield tag="100" ind1="1" ind2=" "><marc:subfield code="a">Scorza, David.</marc:subfield></marc:datafield><marc:datafield tag="245" ind1="1" ind2="3"><marc:subfield code="a">An advanced course in Tok Pisin /</marc:subfield><marc:subfield code="c">David Scorza and Karl J. Franklin.</marc:subfield></marc:datafield><marc:datafield tag="260" ind1=" " ind2=" "><marc:subfield code="a">Ukarumpa, Papua New Guinea :</marc:subfield><marc:subfield code="b">The Summer Institute of Linguistics,</marc:subfield><marc:subfield code="c">c1989.</marc:subfield></marc:datafield><marc:datafield tag="300" ind1=" " ind2=" "><marc:subfield code="a">ix, 158 p. ;</marc:subfield><marc:subfield code="c">21 cm.</marc:subfield></marc:datafield><marc:datafield tag="504" ind1=" " ind2=" "><marc:subfield code="a">Bibliography: p. 113-118.</marc:subfield></marc:datafield><marc:datafield tag="505" ind1="0" ind2=" "><marc:subfield code="a">Part 1. Overview -- Part 2. Translation -- Part 3. Language learning.</marc:subfield></marc:datafield><marc:datafield tag="650" ind1=" " ind2="0"><marc:subfield code="a">Tok Pisin language</marc:subfield><marc:subfield code="x">Study and teaching.</marc:subfield></marc:datafield><marc:datafield tag="035" ind1=" " ind2=" "><marc:subfield code="a">(TxDaGIAL)37741100011373</marc:subfield></marc:datafield><marc:controlfield tag="005">20080624154338.0</marc:controlfield><marc:controlfield tag="001">224</marc:controlfield><marc:controlfield tag="003">TxDaGIAL</marc:controlfield><marc:datafield tag="852" ind1=" " ind2=" "><marc:subfield code="p">37741100011373</marc:subfield><marc:subfield code="a">Library</marc:subfield><marc:subfield code="9">$5.00</marc:subfield><marc:subfield code="x">COPYID:249</marc:subfield><marc:subfield code="x">FSC@aRegular@c19960513</marc:subfield><marc:subfield code="h">427.9953 S423a 1989</marc:subfield><marc:subfield code="z">5-91</marc:subfield></marc:datafield><marc:datafield tag="852" ind1=" " ind2=" "><marc:subfield code="p">37741100011374</marc:subfield><marc:subfield code="a">Library</marc:subfield><marc:subfield code="9">$5.00</marc:subfield><marc:subfield code="x">COPYID:250</marc:subfield><marc:subfield code="x">FSC@aRegular@c19960513</marc:subfield><marc:subfield code="h">427.9953 S423a 1989</marc:subfield><marc:subfield code="z">5-91</marc:subfield></marc:datafield><marc:datafield tag="852" ind1=" " ind2=" "><marc:subfield code="p">37741100024148</marc:subfield><marc:subfield code="a">Library</marc:subfield><marc:subfield code="b">James E. Redden Coll</marc:subfield><marc:subfield code="9">$0.00</marc:subfield><marc:subfield code="x">FUND:Gift</marc:subfield><marc:subfield code="x">COPYID:251</marc:subfield><marc:subfield code="x">FSC@aRegular@c20000926</marc:subfield><marc:subfield code="h">427.9953 S423a 1989</marc:subfield><marc:subfield code="z">Gift James E. Redden 6-00</marc:subfield></marc:datafield></marc:record>