
<marc:record><marc:leader>01297nam a2200277Ii 4500</marc:leader>
<marc:controlfield tag="008">770401m19711975maua          00010 eng d</marc:controlfield>
<marc:datafield tag="020" ind1=" " ind2=" "><marc:subfield code="a">0912066199 (v.1)</marc:subfield><marc:subfield code="a">0883770377 (v.2A)</marc:subfield><marc:subfield code="a">0883770385 (v.2B)</marc:subfield><marc:subfield code="a">0912066431 (v.3A)</marc:subfield><marc:subfield code="a">091206644x (v.3B)</marc:subfield></marc:datafield><marc:datafield tag="035" ind1=" " ind2=" "><marc:subfield code="a">(CU-UC)4757142</marc:subfield></marc:datafield><marc:datafield tag="040" ind1=" " ind2=" "><marc:subfield code="a">EYE</marc:subfield><marc:subfield code="c">EYE</marc:subfield><marc:subfield code="d">CLU</marc:subfield></marc:datafield><marc:datafield tag="100" ind1="1" ind2="0"><marc:subfield code="a">Barnard, Helen.</marc:subfield></marc:datafield><marc:datafield tag="245" ind1="1" ind2="0"><marc:subfield code="a">Advanced English vocabulary :</marc:subfield><marc:subfield code="b">workbook /</marc:subfield><marc:subfield code="c">by Helen Barnard.</marc:subfield></marc:datafield><marc:datafield tag="260" ind1="0" ind2=" "><marc:subfield code="a">Rowley, Mass. :</marc:subfield><marc:subfield code="b">Newbury House Publishers,</marc:subfield><marc:subfield code="c">1971-1975.</marc:subfield></marc:datafield><marc:datafield tag="300" ind1=" " ind2=" "><marc:subfield code="a">5 v. +</marc:subfield><marc:subfield code="e">teachers' book :</marc:subfield><marc:subfield code="b">ill. ;</marc:subfield><marc:subfield code="c">28 cm.</marc:subfield></marc:datafield><marc:datafield tag="546" ind1=" " ind2=" "><marc:subfield code="a">English.</marc:subfield></marc:datafield><marc:datafield tag="650" ind1=" " ind2="0"><marc:subfield code="a">Vocabulary.</marc:subfield></marc:datafield><marc:datafield tag="650" ind1=" " ind2="0"><marc:subfield code="a">English language</marc:subfield><marc:subfield code="x">Self-instruction.</marc:subfield></marc:datafield><marc:datafield tag="035" ind1=" " ind2=" "><marc:subfield code="a">(TxDaGIAL)37741100018931</marc:subfield></marc:datafield><marc:controlfield tag="005">20080624154339.0</marc:controlfield><marc:controlfield tag="001">225</marc:controlfield><marc:controlfield tag="003">TxDaGIAL</marc:controlfield><marc:datafield tag="852" ind1=" " ind2=" "><marc:subfield code="p">37741100018931</marc:subfield><marc:subfield code="a">Library</marc:subfield><marc:subfield code="x">COPYID:252</marc:subfield><marc:subfield code="x">FSC@aRegular@c19970711</marc:subfield><marc:subfield code="h">428.24 B259a v.1 1971</marc:subfield></marc:datafield><marc:datafield tag="852" ind1=" " ind2=" "><marc:subfield code="p">37741100018932</marc:subfield><marc:subfield code="a">Library</marc:subfield><marc:subfield code="x">COPYID:253</marc:subfield><marc:subfield code="x">FSC@aRegular@c19970711</marc:subfield><marc:subfield code="h">428.24 B259a v.2-A 1972</marc:subfield></marc:datafield><marc:datafield tag="852" ind1=" " ind2=" "><marc:subfield code="p">37741100018933</marc:subfield><marc:subfield code="a">Library</marc:subfield><marc:subfield code="x">COPYID:254</marc:subfield><marc:subfield code="x">FSC@aRegular@c19970711</marc:subfield><marc:subfield code="h">428.24 B259a v.2-B 1972</marc:subfield></marc:datafield><marc:datafield tag="852" ind1=" " ind2=" "><marc:subfield code="p">37741100018934</marc:subfield><marc:subfield code="a">Library</marc:subfield><marc:subfield code="x">COPYID:255</marc:subfield><marc:subfield code="x">FSC@aRegular@c19970711</marc:subfield><marc:subfield code="h">428.24 B259a v.3-A 1975</marc:subfield></marc:datafield><marc:datafield tag="852" ind1=" " ind2=" "><marc:subfield code="p">37741100018935</marc:subfield><marc:subfield code="a">Library</marc:subfield><marc:subfield code="x">COPYID:256</marc:subfield><marc:subfield code="x">FSC@aRegular@c19970711</marc:subfield><marc:subfield code="h">428.24 B259a v.3-B 1975</marc:subfield></marc:datafield><marc:datafield tag="852" ind1=" " ind2=" "><marc:subfield code="p">37741100018936</marc:subfield><marc:subfield code="a">Library</marc:subfield><marc:subfield code="x">COPYID:257</marc:subfield><marc:subfield code="x">FSC@aRegular@c19970711</marc:subfield><marc:subfield code="h">428.24 B259at 1971</marc:subfield></marc:datafield></marc:record>