
<marc:record><marc:leader>01070nam a2200277 i 4500</marc:leader>
<marc:controlfield tag="008">950629s1994    miua          000 0 ara d</marc:controlfield>
<marc:datafield tag="010" ind1=" " ind2=" "><marc:subfield code="a">94-60410</marc:subfield></marc:datafield><marc:datafield tag="020" ind1=" " ind2=" "><marc:subfield code="a">0472082612 (vol. 1) :</marc:subfield><marc:subfield code="c">$24.95</marc:subfield></marc:datafield><marc:datafield tag="020" ind1=" " ind2=" "><marc:subfield code="a">0472082620 (vol. 2) :</marc:subfield><marc:subfield code="c">$19.95</marc:subfield></marc:datafield><marc:datafield tag="040" ind1=" " ind2=" "><marc:subfield code="a">GU</marc:subfield><marc:subfield code="c">GU</marc:subfield><marc:subfield code="d">DLC</marc:subfield><marc:subfield code="d">TxDaGIAL</marc:subfield></marc:datafield><marc:datafield tag="041" ind1="1" ind2=" "><marc:subfield code="a">araeng</marc:subfield></marc:datafield><marc:datafield tag="042" ind1=" " ind2=" "><marc:subfield code="a">lccopycat</marc:subfield></marc:datafield><marc:datafield tag="082" ind1="0" ind2="4"><marc:subfield code="a">492.7</marc:subfield><marc:subfield code="2">20</marc:subfield></marc:datafield><marc:datafield tag="100" ind1="1" ind2=" "><marc:subfield code="a">Rammuny, Raji M.</marc:subfield></marc:datafield><marc:datafield tag="245" ind1="1" ind2="0"><marc:subfield code="a">Advanced standard Arabic through authentic texts and audiovisual materials /</marc:subfield><marc:subfield code="c">Raji M. Rammuny.</marc:subfield></marc:datafield><marc:datafield tag="260" ind1=" " ind2=" "><marc:subfield code="a">Ann Arbor :</marc:subfield><marc:subfield code="b">the University of Michigan Press,</marc:subfield><marc:subfield code="c">c1994.</marc:subfield></marc:datafield><marc:datafield tag="300" ind1=" " ind2=" "><marc:subfield code="a">2 v. :</marc:subfield><marc:subfield code="b">ill. ;</marc:subfield><marc:subfield code="c">29 cm.</marc:subfield></marc:datafield><marc:datafield tag="500" ind1=" " ind2=" "><marc:subfield code="a">In Arabic. Added t.p. in English.</marc:subfield></marc:datafield><marc:datafield tag="505" ind1="0" ind2=" "><marc:subfield code="a">pt. 1. Textual materials -- pt. 2. Audiovisual materials.</marc:subfield></marc:datafield><marc:datafield tag="650" ind1=" " ind2="0"><marc:subfield code="a">Arabic language</marc:subfield><marc:subfield code="v">Readers.</marc:subfield></marc:datafield><marc:datafield tag="035" ind1=" " ind2=" "><marc:subfield code="a">(TxDaGIAL)37741100005343</marc:subfield></marc:datafield><marc:controlfield tag="005">20080624154339.0</marc:controlfield><marc:controlfield tag="001">226</marc:controlfield><marc:controlfield tag="003">TxDaGIAL</marc:controlfield><marc:datafield tag="852" ind1=" " ind2=" "><marc:subfield code="p">37741100005343</marc:subfield><marc:subfield code="a">Library</marc:subfield><marc:subfield code="9">$21.71</marc:subfield><marc:subfield code="x">COPYID:258</marc:subfield><marc:subfield code="x">FSC@aRegular@c19950629</marc:subfield><marc:subfield code="h">492.7 R174 vol.1 1994</marc:subfield><marc:subfield code="z">B/T 6-95</marc:subfield></marc:datafield><marc:datafield tag="852" ind1=" " ind2=" "><marc:subfield code="p">37741100005344</marc:subfield><marc:subfield code="a">Library</marc:subfield><marc:subfield code="9">$17.37</marc:subfield><marc:subfield code="x">COPYID:259</marc:subfield><marc:subfield code="x">FSC@aRegular@c19950629</marc:subfield><marc:subfield code="h">492.7 R174 vol.2 1994</marc:subfield><marc:subfield code="z">B/T 6-95</marc:subfield></marc:datafield></marc:record>