
<marc:record><marc:leader>00900cam a2200253 a 4500</marc:leader>
<marc:controlfield tag="008">820324s1982    ilu      b    001 0 eng  </marc:controlfield>
<marc:datafield tag="010" ind1=" " ind2=" "><marc:subfield code="a">   82005496 //r92</marc:subfield></marc:datafield><marc:datafield tag="020" ind1=" " ind2=" "><marc:subfield code="a">0809310503</marc:subfield></marc:datafield><marc:datafield tag="040" ind1=" " ind2=" "><marc:subfield code="a">DLC</marc:subfield><marc:subfield code="c">DLC</marc:subfield><marc:subfield code="d">DLC</marc:subfield><marc:subfield code="d">OCoLC</marc:subfield></marc:datafield><marc:datafield tag="050" ind1="0" ind2="0"><marc:subfield code="a">BC177</marc:subfield><marc:subfield code="b">.A43 1982</marc:subfield></marc:datafield><marc:datafield tag="082" ind1="0" ind2="0"><marc:subfield code="a">001.54</marc:subfield><marc:subfield code="2">19</marc:subfield></marc:datafield><marc:datafield tag="245" ind1="0" ind2="0"><marc:subfield code="a">Advances in argumentation theory and research /</marc:subfield><marc:subfield code="c">edited by J. Robert Cox &amp; Charles Arthur Willard.</marc:subfield></marc:datafield><marc:datafield tag="260" ind1="0" ind2=" "><marc:subfield code="a">Carbondale :</marc:subfield><marc:subfield code="b">Published for the American Forensic Association by Southern Illinois University Press,</marc:subfield><marc:subfield code="c">c1982.</marc:subfield></marc:datafield><marc:datafield tag="300" ind1=" " ind2=" "><marc:subfield code="a">xlvii, 421 p. ;</marc:subfield><marc:subfield code="c">24 cm.</marc:subfield></marc:datafield><marc:datafield tag="504" ind1=" " ind2=" "><marc:subfield code="a">Bibliography: p. 379-403.</marc:subfield></marc:datafield><marc:datafield tag="500" ind1=" " ind2=" "><marc:subfield code="a">Includes index.</marc:subfield></marc:datafield><marc:datafield tag="650" ind1=" " ind2="0"><marc:subfield code="a">Reasoning.</marc:subfield></marc:datafield><marc:datafield tag="700" ind1="1" ind2="0"><marc:subfield code="a">Cox, J. Robert.</marc:subfield></marc:datafield><marc:datafield tag="700" ind1="1" ind2="0"><marc:subfield code="a">Willard, Charles Arthur.</marc:subfield></marc:datafield><marc:datafield tag="035" ind1=" " ind2=" "><marc:subfield code="a">(TxDaGIAL)37741100008842</marc:subfield></marc:datafield><marc:controlfield tag="005">20080624154340.0</marc:controlfield><marc:controlfield tag="001">228</marc:controlfield><marc:controlfield tag="003">TxDaGIAL</marc:controlfield><marc:datafield tag="852" ind1=" " ind2=" "><marc:subfield code="p">37741100008842</marc:subfield><marc:subfield code="a">Library</marc:subfield><marc:subfield code="x">COPYID:261</marc:subfield><marc:subfield code="x">FSC@aRegular@c19951019</marc:subfield><marc:subfield code="h">153.43 A244c 1982</marc:subfield><marc:subfield code="z">11835</marc:subfield></marc:datafield></marc:record>