
<marc:record><marc:leader>00940cam a2200277 i 4500</marc:leader>
<marc:controlfield tag="008">800925s1981    caua     b    001 0 eng  </marc:controlfield>
<marc:datafield tag="010" ind1=" " ind2=" "><marc:subfield code="a">   80024142</marc:subfield></marc:datafield><marc:datafield tag="020" ind1=" " ind2=" "><marc:subfield code="a">0803915551</marc:subfield></marc:datafield><marc:datafield tag="020" ind1=" " ind2=" "><marc:subfield code="a">080391556X (pbk.)</marc:subfield></marc:datafield><marc:datafield tag="040" ind1=" " ind2=" "><marc:subfield code="a">DLC</marc:subfield><marc:subfield code="c">DLC</marc:subfield><marc:subfield code="d">DLC</marc:subfield></marc:datafield><marc:datafield tag="043" ind1=" " ind2=" "><marc:subfield code="a">ev-----</marc:subfield></marc:datafield><marc:datafield tag="050" ind1="1" ind2="0"><marc:subfield code="a">P93</marc:subfield><marc:subfield code="b">.A3</marc:subfield></marc:datafield><marc:datafield tag="082" ind1="0" ind2="0"><marc:subfield code="a">001.51</marc:subfield><marc:subfield code="2">19</marc:subfield></marc:datafield><marc:datafield tag="245" ind1="0" ind2="0"><marc:subfield code="a">Advances in content analysis /</marc:subfield><marc:subfield code="c">Karl Erik Rosengren, editor.</marc:subfield></marc:datafield><marc:datafield tag="260" ind1="0" ind2=" "><marc:subfield code="a">Beverly Hills :</marc:subfield><marc:subfield code="b">Sage Publications,</marc:subfield><marc:subfield code="c">c1981.</marc:subfield></marc:datafield><marc:datafield tag="300" ind1=" " ind2=" "><marc:subfield code="a">283 p. :</marc:subfield><marc:subfield code="b">ill. ;</marc:subfield><marc:subfield code="c">22 cm.</marc:subfield></marc:datafield><marc:datafield tag="490" ind1="0" ind2=" "><marc:subfield code="a">Sage annual reviews of communication research ; v. 9</marc:subfield></marc:datafield><marc:datafield tag="504" ind1=" " ind2=" "><marc:subfield code="a">Includes bibliographies and index.</marc:subfield></marc:datafield><marc:datafield tag="650" ind1=" " ind2="0"><marc:subfield code="a">Content analysis (Communication)</marc:subfield></marc:datafield><marc:datafield tag="650" ind1=" " ind2="0"><marc:subfield code="a">Content analysis (Communication)</marc:subfield><marc:subfield code="x">Research</marc:subfield><marc:subfield code="z">Scandinavia.</marc:subfield></marc:datafield><marc:datafield tag="700" ind1="1" ind2="0"><marc:subfield code="a">Rosengren, Karl Erik.</marc:subfield></marc:datafield><marc:datafield tag="035" ind1=" " ind2=" "><marc:subfield code="a">(TxDaGIAL)37741100008859</marc:subfield></marc:datafield><marc:controlfield tag="005">20080624154340.0</marc:controlfield><marc:controlfield tag="001">229</marc:controlfield><marc:controlfield tag="003">TxDaGIAL</marc:controlfield><marc:datafield tag="852" ind1=" " ind2=" "><marc:subfield code="p">37741100008859</marc:subfield><marc:subfield code="a">Library</marc:subfield><marc:subfield code="x">COPYID:262</marc:subfield><marc:subfield code="x">FSC@aRegular@c19951018</marc:subfield><marc:subfield code="h">302.2 A244r 1981</marc:subfield><marc:subfield code="z">10908</marc:subfield></marc:datafield></marc:record>