
<marc:record><marc:leader>00867cam a2200253 a 4500</marc:leader>
<marc:controlfield tag="008">830811s1983    ne       b    00100 eng  </marc:controlfield>
<marc:datafield tag="010" ind1=" " ind2=" "><marc:subfield code="a">   83185702 //r89</marc:subfield></marc:datafield><marc:datafield tag="020" ind1=" " ind2=" "><marc:subfield code="a">907017684X :</marc:subfield><marc:subfield code="c">fl 52.00</marc:subfield></marc:datafield><marc:datafield tag="020" ind1=" " ind2=" "><marc:subfield code="a">9070176858 (pbk.)</marc:subfield></marc:datafield><marc:datafield tag="040" ind1=" " ind2=" "><marc:subfield code="a">DLC</marc:subfield><marc:subfield code="c">DLC</marc:subfield><marc:subfield code="d">DLC</marc:subfield></marc:datafield><marc:datafield tag="050" ind1="0" ind2=" "><marc:subfield code="a">P147</marc:subfield><marc:subfield code="b">.A38 1983</marc:subfield></marc:datafield><marc:datafield tag="082" ind1="0" ind2=" "><marc:subfield code="a">415</marc:subfield><marc:subfield code="2">19</marc:subfield></marc:datafield><marc:datafield tag="245" ind1="0" ind2="0"><marc:subfield code="a">Advances in functional grammar /</marc:subfield><marc:subfield code="c">Simon C. Dik, ed.</marc:subfield></marc:datafield><marc:datafield tag="260" ind1="0" ind2=" "><marc:subfield code="a">Dordrecht, Holland ;</marc:subfield><marc:subfield code="a">Cinnaminson, N.J., U.S.A. :</marc:subfield><marc:subfield code="b">Foris Publications,</marc:subfield><marc:subfield code="c">1983.</marc:subfield></marc:datafield><marc:datafield tag="300" ind1=" " ind2=" "><marc:subfield code="a">x, 415 p. ;</marc:subfield><marc:subfield code="c">25 cm.</marc:subfield></marc:datafield><marc:datafield tag="440" ind1=" " ind2="0"><marc:subfield code="a">Publications in language sciences ;</marc:subfield><marc:subfield code="v">11</marc:subfield></marc:datafield><marc:datafield tag="504" ind1=" " ind2=" "><marc:subfield code="a">Includes bibliographies and indexes.</marc:subfield></marc:datafield><marc:datafield tag="650" ind1=" " ind2="0"><marc:subfield code="a">Functionalism (Linguistics)</marc:subfield></marc:datafield><marc:datafield tag="700" ind1="1" ind2="0"><marc:subfield code="a">Dik, S. C.</marc:subfield><marc:subfield code="q">(Simon C.)</marc:subfield></marc:datafield><marc:datafield tag="035" ind1=" " ind2=" "><marc:subfield code="a">(TxDaGIAL)37741100003261</marc:subfield></marc:datafield><marc:controlfield tag="005">20080624154340.0</marc:controlfield><marc:controlfield tag="001">230</marc:controlfield><marc:controlfield tag="003">TxDaGIAL</marc:controlfield><marc:datafield tag="852" ind1=" " ind2=" "><marc:subfield code="p">37741100003261</marc:subfield><marc:subfield code="a">Library</marc:subfield><marc:subfield code="x">COPYID:263</marc:subfield><marc:subfield code="x">FSC@aRegular@c19950405</marc:subfield><marc:subfield code="h">415 D575a 1983</marc:subfield><marc:subfield code="z">9583</marc:subfield></marc:datafield></marc:record>