
<marc:record><marc:leader>01014nam a2200277 a 4500</marc:leader>
<marc:controlfield tag="008">870825c19851984ne a     b    00000 eng  </marc:controlfield>
<marc:datafield tag="010" ind1=" " ind2=" "><marc:subfield code="a">   86176203</marc:subfield></marc:datafield><marc:datafield tag="020" ind1=" " ind2=" "><marc:subfield code="a">9067651257 (pbk.) :</marc:subfield><marc:subfield code="c">fl 116.30</marc:subfield></marc:datafield><marc:datafield tag="050" ind1="0" ind2=" "><marc:subfield code="a">P217.6</marc:subfield><marc:subfield code="b">.A38 1985</marc:subfield></marc:datafield><marc:datafield tag="082" ind1="0" ind2=" "><marc:subfield code="a">414</marc:subfield><marc:subfield code="2">19</marc:subfield></marc:datafield><marc:datafield tag="245" ind1="0" ind2="0"><marc:subfield code="a">Advances in nonlinear phonology /</marc:subfield><marc:subfield code="c">edited by Harry van der Hulst, Norval Smith.</marc:subfield></marc:datafield><marc:datafield tag="260" ind1="0" ind2=" "><marc:subfield code="a">Dordrecht, Holland ;</marc:subfield><marc:subfield code="a">Cinnaminson, U.S.A. :</marc:subfield><marc:subfield code="b">Foris Publications,</marc:subfield><marc:subfield code="c">c1984.</marc:subfield></marc:datafield><marc:datafield tag="300" ind1=" " ind2=" "><marc:subfield code="a">vi, 396 p. :</marc:subfield><marc:subfield code="b">ill. ;</marc:subfield><marc:subfield code="c">24 cm.</marc:subfield></marc:datafield><marc:datafield tag="440" ind1=" " ind2="0"><marc:subfield code="a">Linguistic models ;</marc:subfield><marc:subfield code="v">7</marc:subfield></marc:datafield><marc:datafield tag="504" ind1=" " ind2=" "><marc:subfield code="a">Includes bibliographies.</marc:subfield></marc:datafield><marc:datafield tag="650" ind1=" " ind2="0"><marc:subfield code="a">Grammar, Comparative and general</marc:subfield><marc:subfield code="x">Phonology.</marc:subfield></marc:datafield><marc:datafield tag="650" ind1=" " ind2="0"><marc:subfield code="a">Prosodic analysis (Linguistics)</marc:subfield></marc:datafield><marc:datafield tag="650" ind1=" " ind2="0"><marc:subfield code="a">Generative grammar.</marc:subfield></marc:datafield><marc:datafield tag="650" ind1=" " ind2="0"><marc:subfield code="a">Autosegmental theory (Linguistics)</marc:subfield></marc:datafield><marc:datafield tag="700" ind1="1" ind2="0"><marc:subfield code="a">Hulst, Harry van der.</marc:subfield></marc:datafield><marc:datafield tag="700" ind1="1" ind2="0"><marc:subfield code="a">Smith, Norval.</marc:subfield></marc:datafield><marc:datafield tag="035" ind1=" " ind2=" "><marc:subfield code="a">(TxDaGIAL)37741100002866</marc:subfield></marc:datafield><marc:controlfield tag="005">20080624154341.0</marc:controlfield><marc:controlfield tag="001">231</marc:controlfield><marc:controlfield tag="003">TxDaGIAL</marc:controlfield><marc:datafield tag="852" ind1=" " ind2=" "><marc:subfield code="p">37741100002866</marc:subfield><marc:subfield code="a">Library</marc:subfield><marc:subfield code="9">$52.55</marc:subfield><marc:subfield code="x">COPYID:264</marc:subfield><marc:subfield code="x">FSC@aRegular@c19950328</marc:subfield><marc:subfield code="h">414 A244v 1984</marc:subfield><marc:subfield code="z">orig acc no. 13100</marc:subfield></marc:datafield></marc:record>