
<marc:record><marc:leader>01260cam a2200277   4500</marc:leader>
<marc:controlfield tag="008">710404s1971    ne       b    10110 eng  </marc:controlfield>
<marc:datafield tag="010" ind1=" " ind2=" "><marc:subfield code="a">   70126904 //r85</marc:subfield></marc:datafield><marc:datafield tag="015" ind1=" " ind2=" "><marc:subfield code="a">Ne71-4</marc:subfield></marc:datafield><marc:datafield tag="040" ind1=" " ind2=" "><marc:subfield code="a">DLC</marc:subfield><marc:subfield code="c">DLC</marc:subfield><marc:subfield code="d">DLC</marc:subfield><marc:subfield code="d">TxDaGIAL</marc:subfield></marc:datafield><marc:datafield tag="050" ind1="0" ind2=" "><marc:subfield code="a">BF455</marc:subfield><marc:subfield code="b">.B67 1969</marc:subfield></marc:datafield><marc:datafield tag="082" ind1=" " ind2=" "><marc:subfield code="a">401.9</marc:subfield></marc:datafield><marc:datafield tag="111" ind1="2" ind2="0"><marc:subfield code="a">Bressanone Conference on Psycholinguistics</marc:subfield><marc:subfield code="d">(1969 :</marc:subfield><marc:subfield code="c">University of Padova)</marc:subfield></marc:datafield><marc:datafield tag="245" ind1="1" ind2="0"><marc:subfield code="a">Advances in psycholinguistics :</marc:subfield><marc:subfield code="b">research papers presented at the Bressanone Conference on Psycholinguistics, summer courses of the University of Padova, July 1969. /</marc:subfield><marc:subfield code="c">ed. by Giovanni B. Flores D'Arcais and Willem J. M. Levelt.</marc:subfield></marc:datafield><marc:datafield tag="260" ind1="0" ind2=" "><marc:subfield code="a">Amsterdam :</marc:subfield><marc:subfield code="b">North-Holland Pub. Co. ;</marc:subfield><marc:subfield code="a">New York :</marc:subfield><marc:subfield code="b">American Elsevier,</marc:subfield><marc:subfield code="c">1974, c1970.</marc:subfield></marc:datafield><marc:datafield tag="300" ind1=" " ind2=" "><marc:subfield code="a">x, 454 p. ;</marc:subfield><marc:subfield code="c">23 cm.</marc:subfield></marc:datafield><marc:datafield tag="500" ind1=" " ind2=" "><marc:subfield code="a">Organized by the Institute of Psychology at the University of Padua.</marc:subfield></marc:datafield><marc:datafield tag="504" ind1=" " ind2=" "><marc:subfield code="a">Includes bibliographies.</marc:subfield></marc:datafield><marc:datafield tag="650" ind1=" " ind2="0"><marc:subfield code="a">Psycholinguistics</marc:subfield><marc:subfield code="v">Congresses.</marc:subfield></marc:datafield><marc:datafield tag="700" ind1="1" ind2="0"><marc:subfield code="a">Flores D'Arcais, Giovanni B.,</marc:subfield><marc:subfield code="e">ed.</marc:subfield></marc:datafield><marc:datafield tag="700" ind1="1" ind2="0"><marc:subfield code="a">Levelt, W. J. M.</marc:subfield><marc:subfield code="q">(Willem J. M.),</marc:subfield><marc:subfield code="d">1938-</marc:subfield><marc:subfield code="e">ed.</marc:subfield></marc:datafield><marc:datafield tag="710" ind1="2" ind2="0"><marc:subfield code="a">Universit di Padova.</marc:subfield><marc:subfield code="b">Istituto di psichologia.</marc:subfield></marc:datafield><marc:datafield tag="035" ind1=" " ind2=" "><marc:subfield code="a">(TxDaGIAL)37741100001859</marc:subfield></marc:datafield><marc:controlfield tag="005">20080624154341.0</marc:controlfield><marc:controlfield tag="001">232</marc:controlfield><marc:controlfield tag="003">TxDaGIAL</marc:controlfield><marc:datafield tag="852" ind1=" " ind2=" "><marc:subfield code="p">37741100001859</marc:subfield><marc:subfield code="a">Library</marc:subfield><marc:subfield code="x">COPYID:265</marc:subfield><marc:subfield code="x">FSC@aRegular@c19950307</marc:subfield><marc:subfield code="h">401.9 B843a 1970</marc:subfield><marc:subfield code="z">5670</marc:subfield></marc:datafield></marc:record>