
<marc:record><marc:leader>00965cam a2200277 i 4500</marc:leader>
<marc:controlfield tag="008">790130s1978    ne       b    001 0 eng  </marc:controlfield>
<marc:datafield tag="010" ind1=" " ind2=" "><marc:subfield code="a">   78324996 //r94</marc:subfield></marc:datafield><marc:datafield tag="015" ind1=" " ind2=" "><marc:subfield code="a">Ne78-36</marc:subfield></marc:datafield><marc:datafield tag="020" ind1=" " ind2=" "><marc:subfield code="a">9027977429 :</marc:subfield><marc:subfield code="c">fl 211.70</marc:subfield></marc:datafield><marc:datafield tag="040" ind1=" " ind2=" "><marc:subfield code="a">DLC</marc:subfield><marc:subfield code="c">DLC</marc:subfield><marc:subfield code="d">DLC</marc:subfield></marc:datafield><marc:datafield tag="050" ind1="0" ind2="0"><marc:subfield code="a">P115</marc:subfield><marc:subfield code="b">.A35 1978</marc:subfield></marc:datafield><marc:datafield tag="082" ind1="0" ind2="0"><marc:subfield code="a">401</marc:subfield></marc:datafield><marc:datafield tag="245" ind1="0" ind2="0"><marc:subfield code="a">Advances in the study of societal multilingualism /</marc:subfield><marc:subfield code="c">ed. by Joshua A. Fishman.</marc:subfield></marc:datafield><marc:datafield tag="260" ind1="0" ind2=" "><marc:subfield code="a">[2514 GC] The Hague [Noordeinde 41] ;</marc:subfield><marc:subfield code="a">New York :</marc:subfield><marc:subfield code="b">Mouton,</marc:subfield><marc:subfield code="c">1978.</marc:subfield></marc:datafield><marc:datafield tag="300" ind1=" " ind2=" "><marc:subfield code="a">xiii, 843 p. ;</marc:subfield><marc:subfield code="c">24 cm.</marc:subfield></marc:datafield><marc:datafield tag="490" ind1="1" ind2=" "><marc:subfield code="a">Contributions to the sociology of language ;</marc:subfield><marc:subfield code="v">v. 9</marc:subfield></marc:datafield><marc:datafield tag="504" ind1=" " ind2=" "><marc:subfield code="a">Includes bibliographies and index.</marc:subfield></marc:datafield><marc:datafield tag="650" ind1=" " ind2="0"><marc:subfield code="a">Bilingualism.</marc:subfield></marc:datafield><marc:datafield tag="650" ind1=" " ind2="0"><marc:subfield code="a">Multilingualism.</marc:subfield></marc:datafield><marc:datafield tag="700" ind1="1" ind2="0"><marc:subfield code="a">Fishman, Joshua A.</marc:subfield></marc:datafield><marc:datafield tag="830" ind1=" " ind2="0"><marc:subfield code="a">Contributions to the sociology of language ;</marc:subfield><marc:subfield code="v">9.</marc:subfield></marc:datafield><marc:datafield tag="035" ind1=" " ind2=" "><marc:subfield code="a">(TxDaGIAL)37741100008809</marc:subfield></marc:datafield><marc:controlfield tag="005">20080624154342.0</marc:controlfield><marc:controlfield tag="001">234</marc:controlfield><marc:controlfield tag="003">TxDaGIAL</marc:controlfield><marc:datafield tag="852" ind1=" " ind2=" "><marc:subfield code="p">37741100008809</marc:subfield><marc:subfield code="a">Library</marc:subfield><marc:subfield code="x">COPYID:267</marc:subfield><marc:subfield code="x">FSC@aRegular@c19951017</marc:subfield><marc:subfield code="h">306.446 A244f 1978</marc:subfield><marc:subfield code="z">6425</marc:subfield></marc:datafield></marc:record>