
<marc:record><marc:leader>00773nam a2200217 i 4500</marc:leader>
<marc:controlfield tag="008">820419s1966    gh a     b    00010 eng d</marc:controlfield>
<marc:datafield tag="040" ind1=" " ind2=" "><marc:subfield code="a">BOS</marc:subfield><marc:subfield code="c">BOS</marc:subfield></marc:datafield><marc:datafield tag="049" ind1=" " ind2=" "><marc:subfield code="a">BOSS</marc:subfield></marc:datafield><marc:datafield tag="100" ind1="1" ind2="0"><marc:subfield code="a">Chaplin, Joyce E.</marc:subfield></marc:datafield><marc:datafield tag="245" ind1="1" ind2="0"><marc:subfield code="a">Adventure with a pen :</marc:subfield><marc:subfield code="b">a challenge to Christian writing--with special reference to Africa /</marc:subfield><marc:subfield code="c">Joyce Chaplin.</marc:subfield></marc:datafield><marc:datafield tag="250" ind1=" " ind2=" "><marc:subfield code="a">[1st ed.].</marc:subfield></marc:datafield><marc:datafield tag="260" ind1="0" ind2=" "><marc:subfield code="a">Kumasi :</marc:subfield><marc:subfield code="b">African Christian Press,</marc:subfield><marc:subfield code="c">c1966.</marc:subfield></marc:datafield><marc:datafield tag="300" ind1=" " ind2=" "><marc:subfield code="a">166 p. :</marc:subfield><marc:subfield code="b">illus. ;</marc:subfield><marc:subfield code="c">18 cm.</marc:subfield></marc:datafield><marc:datafield tag="504" ind1=" " ind2=" "><marc:subfield code="a">Bibliography: p. [140]-147.</marc:subfield></marc:datafield><marc:datafield tag="650" ind1=" " ind2="0"><marc:subfield code="a">Christianity in literature</marc:subfield><marc:subfield code="x">History and criticism.</marc:subfield></marc:datafield><marc:datafield tag="650" ind1=" " ind2="0"><marc:subfield code="a">Religious literature, African.</marc:subfield></marc:datafield><marc:datafield tag="035" ind1=" " ind2=" "><marc:subfield code="a">(TxDaGIAL)37741100015199</marc:subfield></marc:datafield><marc:controlfield tag="005">20080624154342.0</marc:controlfield><marc:controlfield tag="001">235</marc:controlfield><marc:controlfield tag="003">TxDaGIAL</marc:controlfield><marc:datafield tag="852" ind1=" " ind2=" "><marc:subfield code="p">37741100015199</marc:subfield><marc:subfield code="a">Library</marc:subfield><marc:subfield code="x">COPYID:268</marc:subfield><marc:subfield code="x">FSC@aRegular@c19970206</marc:subfield><marc:subfield code="h">808.02 C464a 1966</marc:subfield></marc:datafield></marc:record>