
<marc:record><marc:leader>01352cam a2200325 a 4500</marc:leader>
<marc:controlfield tag="008">840217c19821981ja a     b   f00000 eng  </marc:controlfield>
<marc:datafield tag="010" ind1=" " ind2=" "><marc:subfield code="a">   82224110 //r85</marc:subfield></marc:datafield><marc:datafield tag="020" ind1=" " ind2=" "><marc:subfield code="c">Not in trade</marc:subfield></marc:datafield><marc:datafield tag="040" ind1=" " ind2=" "><marc:subfield code="a">DLC</marc:subfield><marc:subfield code="c">DLC</marc:subfield><marc:subfield code="d">TxDaGIAL</marc:subfield></marc:datafield><marc:datafield tag="043" ind1=" " ind2=" "><marc:subfield code="a">p------</marc:subfield></marc:datafield><marc:datafield tag="050" ind1="0" ind2=" "><marc:subfield code="a">GN303</marc:subfield><marc:subfield code="b">.S47 no. 9</marc:subfield><marc:subfield code="a">GN388</marc:subfield></marc:datafield><marc:datafield tag="082" ind1="0" ind2=" "><marc:subfield code="a">306 s</marc:subfield><marc:subfield code="a">909/.09182/3</marc:subfield><marc:subfield code="2">19</marc:subfield></marc:datafield><marc:datafield tag="245" ind1="0" ind2="0"><marc:subfield code="a">Affluent foragers :</marc:subfield><marc:subfield code="b">Pacific coasts east and west /</marc:subfield><marc:subfield code="c">edited by Shuzo Koyama and David Hurst Thomas ; [hensh, Kokuritsu Minzokugaku Hakubutsukan].</marc:subfield></marc:datafield><marc:datafield tag="260" ind1="0" ind2=" "><marc:subfield code="a">Suita, Osaka, Japan :</marc:subfield><marc:subfield code="b">The National Museum of Ethnology,</marc:subfield><marc:subfield code="c">1982, c1981.</marc:subfield></marc:datafield><marc:datafield tag="300" ind1=" " ind2=" "><marc:subfield code="a">295 p. :</marc:subfield><marc:subfield code="b">ill. ;</marc:subfield><marc:subfield code="c">26 cm.</marc:subfield></marc:datafield><marc:datafield tag="440" ind1=" " ind2="0"><marc:subfield code="a">Senri ethnological studies ;</marc:subfield><marc:subfield code="v">no. 9</marc:subfield></marc:datafield><marc:datafield tag="500" ind1=" " ind2=" "><marc:subfield code="a">&quot;Papers presented at the third international symposium, National Museum of Ethnology, Osaka, June 1979.&quot;</marc:subfield></marc:datafield><marc:datafield tag="504" ind1=" " ind2=" "><marc:subfield code="a">Includes bibliographies.</marc:subfield></marc:datafield><marc:datafield tag="650" ind1=" " ind2="0"><marc:subfield code="a">Hunting and gathering societies</marc:subfield><marc:subfield code="z">Pacific Area</marc:subfield><marc:subfield code="v">Congresses.</marc:subfield></marc:datafield><marc:datafield tag="650" ind1=" " ind2="0"><marc:subfield code="a">Jmon culture</marc:subfield><marc:subfield code="v">Congresses.</marc:subfield></marc:datafield><marc:datafield tag="650" ind1=" " ind2="0"><marc:subfield code="a">Neolithic period</marc:subfield><marc:subfield code="z">Pacific Area</marc:subfield><marc:subfield code="v">Congresses.</marc:subfield></marc:datafield><marc:datafield tag="651" ind1=" " ind2="0"><marc:subfield code="a">Pacific Area</marc:subfield><marc:subfield code="x">Antiquities.</marc:subfield></marc:datafield><marc:datafield tag="700" ind1="1" ind2="0"><marc:subfield code="a">Koyama, Shz,</marc:subfield><marc:subfield code="d">1939-</marc:subfield></marc:datafield><marc:datafield tag="700" ind1="1" ind2="0"><marc:subfield code="a">Thomas, David Hurst.</marc:subfield></marc:datafield><marc:datafield tag="710" ind1="2" ind2="0"><marc:subfield code="a">Kokuritsu Minzokugaku Hakubutsukan.</marc:subfield></marc:datafield><marc:datafield tag="035" ind1=" " ind2=" "><marc:subfield code="a">(TxDaGIAL)37741100009183</marc:subfield></marc:datafield><marc:controlfield tag="005">20080624154342.0</marc:controlfield><marc:controlfield tag="001">238</marc:controlfield><marc:controlfield tag="003">TxDaGIAL</marc:controlfield><marc:datafield tag="852" ind1=" " ind2=" "><marc:subfield code="p">37741100009183</marc:subfield><marc:subfield code="a">Library</marc:subfield><marc:subfield code="x">COPYID:271</marc:subfield><marc:subfield code="x">FSC@aRegular@c19951101</marc:subfield><marc:subfield code="h">909.091823 A257k 1981</marc:subfield><marc:subfield code="z">10790</marc:subfield></marc:datafield></marc:record>