
<marc:record><marc:leader>01177cam a2200289 a 4500</marc:leader>
<marc:controlfield tag="008">830512m19789999ja a     b   f00000 eng  </marc:controlfield>
<marc:datafield tag="010" ind1=" " ind2=" "><marc:subfield code="a">   81128537 //r91</marc:subfield></marc:datafield><marc:datafield tag="040" ind1=" " ind2=" "><marc:subfield code="a">DLC</marc:subfield><marc:subfield code="c">DLC</marc:subfield><marc:subfield code="d">DLC</marc:subfield><marc:subfield code="d">OCoLC</marc:subfield><marc:subfield code="d">TxDaGIAL</marc:subfield></marc:datafield><marc:datafield tag="050" ind1="0" ind2="0"><marc:subfield code="a">GN303</marc:subfield><marc:subfield code="b">.S47 no. 1, etc.</marc:subfield><marc:subfield code="a">GN645</marc:subfield></marc:datafield><marc:datafield tag="082" ind1="0" ind2="0"><marc:subfield code="a">306 s</marc:subfield><marc:subfield code="a">306/.096</marc:subfield><marc:subfield code="2">19</marc:subfield></marc:datafield><marc:datafield tag="245" ind1="0" ind2="0"><marc:subfield code="a">Africa /</marc:subfield><marc:subfield code="c">[editor of this issue, Shohei Wada ; coeditor, P. Kazuhisa Eguchi].</marc:subfield></marc:datafield><marc:datafield tag="260" ind1="0" ind2=" "><marc:subfield code="a">Suita, Osaka, Japan :</marc:subfield><marc:subfield code="b">National Museum of Ethnology,</marc:subfield><marc:subfield code="c">1978, c1979-</marc:subfield></marc:datafield><marc:datafield tag="300" ind1=" " ind2=" "><marc:subfield code="a">v. &lt;-3, 4   &gt; :</marc:subfield><marc:subfield code="b">ill. ;</marc:subfield><marc:subfield code="c">26 cm.</marc:subfield></marc:datafield><marc:datafield tag="490" ind1="1" ind2=" "><marc:subfield code="a">Senri ethnological studies ;</marc:subfield><marc:subfield code="v">no. 15</marc:subfield></marc:datafield><marc:datafield tag="490" ind1="1" ind2=" "><marc:subfield code="a">Senri ethnological studies ;</marc:subfield><marc:subfield code="v">no. 31</marc:subfield></marc:datafield><marc:datafield tag="504" ind1=" " ind2=" "><marc:subfield code="a">Includes bibliographies.</marc:subfield></marc:datafield><marc:datafield tag="650" ind1=" " ind2="0"><marc:subfield code="a">Ethnology</marc:subfield><marc:subfield code="z">Africa.</marc:subfield></marc:datafield><marc:datafield tag="651" ind1=" " ind2="0"><marc:subfield code="a">Africa</marc:subfield><marc:subfield code="x">Social life and customs.</marc:subfield></marc:datafield><marc:datafield tag="700" ind1="1" ind2="0"><marc:subfield code="a">Wada, Shhei.</marc:subfield></marc:datafield><marc:datafield tag="700" ind1="1" ind2="0"><marc:subfield code="a">Eguchi, Paul Kazuhisa.</marc:subfield></marc:datafield><marc:datafield tag="830" ind1=" " ind2="0"><marc:subfield code="a">Senri ethnological studies ;</marc:subfield><marc:subfield code="v">no. 1, etc.</marc:subfield></marc:datafield><marc:datafield tag="035" ind1=" " ind2=" "><marc:subfield code="a">(TxDaGIAL)37741100012960</marc:subfield></marc:datafield><marc:controlfield tag="005">20080624154344.0</marc:controlfield><marc:controlfield tag="001">242</marc:controlfield><marc:controlfield tag="003">TxDaGIAL</marc:controlfield><marc:datafield tag="852" ind1=" " ind2=" "><marc:subfield code="p">37741100012960</marc:subfield><marc:subfield code="a">Library</marc:subfield><marc:subfield code="9">$0.00</marc:subfield><marc:subfield code="x">COPYID:275</marc:subfield><marc:subfield code="x">FSC@aRegular@c19960812</marc:subfield><marc:subfield code="h">306.096 A258 v.3 1984</marc:subfield><marc:subfield code="z">Exchange 10795</marc:subfield></marc:datafield><marc:datafield tag="852" ind1=" " ind2=" "><marc:subfield code="p">37741100012959</marc:subfield><marc:subfield code="a">Library</marc:subfield><marc:subfield code="9">$0.00</marc:subfield><marc:subfield code="x">COPYID:276</marc:subfield><marc:subfield code="x">FSC@aRegular@c19960812</marc:subfield><marc:subfield code="h">306.096 A258 v.4 1992</marc:subfield><marc:subfield code="z">Exchange 6-92</marc:subfield></marc:datafield></marc:record>