
<marc:record><marc:leader>01385cam a2200325 a 4500</marc:leader>
<marc:controlfield tag="008">890119s1988    enka     b    00100 eng  </marc:controlfield>
<marc:datafield tag="010" ind1=" " ind2=" "><marc:subfield code="a">   89105141 //r91</marc:subfield></marc:datafield><marc:datafield tag="020" ind1=" " ind2=" "><marc:subfield code="a">0520039149  (University of California Press)</marc:subfield></marc:datafield><marc:datafield tag="020" ind1=" " ind2=" "><marc:subfield code="a">9231017098  (Unesco)</marc:subfield></marc:datafield><marc:datafield tag="020" ind1=" " ind2=" "><marc:subfield code="a">0435948091  (Heinemann Ed. Books)</marc:subfield></marc:datafield><marc:datafield tag="040" ind1=" " ind2=" "><marc:subfield code="a">DLC</marc:subfield><marc:subfield code="c">DLC</marc:subfield><marc:subfield code="d">DLC</marc:subfield><marc:subfield code="d">OCoLC</marc:subfield><marc:subfield code="d">TxDaGIAL</marc:subfield></marc:datafield><marc:datafield tag="043" ind1=" " ind2=" "><marc:subfield code="a">f------</marc:subfield></marc:datafield><marc:datafield tag="050" ind1="0" ind2="0"><marc:subfield code="a">DT20</marc:subfield><marc:subfield code="b">.G45 1981 vol. 3</marc:subfield><marc:subfield code="a">DT25</marc:subfield></marc:datafield><marc:datafield tag="082" ind1="0" ind2="0"><marc:subfield code="a">960/.2</marc:subfield><marc:subfield code="2">20</marc:subfield></marc:datafield><marc:datafield tag="245" ind1="0" ind2="0"><marc:subfield code="a">Africa from the seventh to the eleventh century /</marc:subfield><marc:subfield code="c">editor, M. Elfasi ; assistant editor, I. Hrbek.</marc:subfield></marc:datafield><marc:datafield tag="260" ind1="0" ind2=" "><marc:subfield code="a">London :</marc:subfield><marc:subfield code="b">Heinemann Educational Books ;</marc:subfield><marc:subfield code="a">Berkeley :</marc:subfield><marc:subfield code="b">University of California Press ;</marc:subfield><marc:subfield code="a">Paris :</marc:subfield><marc:subfield code="b">Unesco,</marc:subfield><marc:subfield code="c">1988.</marc:subfield></marc:datafield><marc:datafield tag="300" ind1=" " ind2=" "><marc:subfield code="a">xxv, 869 p. :</marc:subfield><marc:subfield code="b">ill., maps, photos ;</marc:subfield><marc:subfield code="c">24 cm.</marc:subfield></marc:datafield><marc:datafield tag="440" ind1=" " ind2="0"><marc:subfield code="a">General history of Africa ;</marc:subfield><marc:subfield code="v">3</marc:subfield></marc:datafield><marc:datafield tag="500" ind1=" " ind2=" "><marc:subfield code="a">At head of title: UNESCO International Scientific Committee for the Drafting of a General History of Africa.</marc:subfield></marc:datafield><marc:datafield tag="504" ind1=" " ind2=" "><marc:subfield code="a">Bibliography: p. [799]-847.</marc:subfield></marc:datafield><marc:datafield tag="500" ind1=" " ind2=" "><marc:subfield code="a">Includes index.</marc:subfield></marc:datafield><marc:datafield tag="651" ind1=" " ind2="0"><marc:subfield code="a">Africa</marc:subfield><marc:subfield code="x">History</marc:subfield><marc:subfield code="y">To 1498.</marc:subfield></marc:datafield><marc:datafield tag="700" ind1="1" ind2="0"><marc:subfield code="a">Fs, Muammad.</marc:subfield></marc:datafield><marc:datafield tag="700" ind1="1" ind2="0"><marc:subfield code="a">Hrbek, Ivan.</marc:subfield></marc:datafield><marc:datafield tag="710" ind1="2" ind2="0"><marc:subfield code="a">Unesco.</marc:subfield><marc:subfield code="b">International Scientific Committee for the Drafting of a General History of Africa.</marc:subfield></marc:datafield><marc:datafield tag="035" ind1=" " ind2=" "><marc:subfield code="a">(TxDaGIAL)37741100008189</marc:subfield></marc:datafield><marc:controlfield tag="005">20080624154344.0</marc:controlfield><marc:controlfield tag="001">244</marc:controlfield><marc:controlfield tag="003">TxDaGIAL</marc:controlfield><marc:datafield tag="852" ind1=" " ind2=" "><marc:subfield code="p">37741100008189</marc:subfield><marc:subfield code="a">Library</marc:subfield><marc:subfield code="9">$45.00</marc:subfield><marc:subfield code="x">COPYID:278</marc:subfield><marc:subfield code="x">FSC@aRegular@c19950915</marc:subfield><marc:subfield code="h">960.2 A258f 1988</marc:subfield><marc:subfield code="z">4-89</marc:subfield></marc:datafield></marc:record>