
<marc:record><marc:leader>01163nam a2200301 a 4500</marc:leader>
<marc:controlfield tag="008">831108s1983    rur      b    000 0 eng  </marc:controlfield>
<marc:datafield tag="010" ind1=" " ind2=" "><marc:subfield code="a">   83225822</marc:subfield></marc:datafield><marc:datafield tag="040" ind1=" " ind2=" "><marc:subfield code="a">DLC</marc:subfield><marc:subfield code="c">DLC</marc:subfield><marc:subfield code="d">DLC</marc:subfield></marc:datafield><marc:datafield tag="041" ind1="1" ind2=" "><marc:subfield code="a">engrus</marc:subfield></marc:datafield><marc:datafield tag="043" ind1=" " ind2=" "><marc:subfield code="a">f------</marc:subfield><marc:subfield code="a">e-ur---</marc:subfield></marc:datafield><marc:datafield tag="050" ind1="0" ind2="0"><marc:subfield code="a">DT30.5</marc:subfield><marc:subfield code="b">.G7613 1983</marc:subfield></marc:datafield><marc:datafield tag="082" ind1="0" ind2="0"><marc:subfield code="a">960/.32</marc:subfield><marc:subfield code="2">19</marc:subfield></marc:datafield><marc:datafield tag="100" ind1="1" ind2="0"><marc:subfield code="a">Gromyko, Anatoli Andreevich.</marc:subfield></marc:datafield><marc:datafield tag="240" ind1="1" ind2="0"><marc:subfield code="a">Afrika, progress, trudnosti, perspektivy.</marc:subfield><marc:subfield code="l">English</marc:subfield></marc:datafield><marc:datafield tag="245" ind1="1" ind2="0"><marc:subfield code="a">Africa, progress, problems, prospects :</marc:subfield><marc:subfield code="b">(an analysis of the 1960s-1970s) /</marc:subfield><marc:subfield code="c">Anatoly Gromyko ; [translated from the Russian by Dudley Hagen].</marc:subfield></marc:datafield><marc:datafield tag="260" ind1="0" ind2=" "><marc:subfield code="a">Moscow :</marc:subfield><marc:subfield code="b">Progress Publishers,</marc:subfield><marc:subfield code="c">c1983.</marc:subfield></marc:datafield><marc:datafield tag="300" ind1=" " ind2=" "><marc:subfield code="a">253 p. ;</marc:subfield><marc:subfield code="c">21 cm.</marc:subfield></marc:datafield><marc:datafield tag="500" ind1=" " ind2=" "><marc:subfield code="a">Translation of: Afrika, progress, trudnosti, perspektivy.</marc:subfield></marc:datafield><marc:datafield tag="504" ind1=" " ind2=" "><marc:subfield code="a">Includes bibliographical references.</marc:subfield></marc:datafield><marc:datafield tag="651" ind1=" " ind2="0"><marc:subfield code="a">Africa</marc:subfield><marc:subfield code="x">Politics and government</marc:subfield><marc:subfield code="y">1960-</marc:subfield></marc:datafield><marc:datafield tag="650" ind1=" " ind2="0"><marc:subfield code="a">National liberation movements</marc:subfield><marc:subfield code="z">Africa.</marc:subfield></marc:datafield><marc:datafield tag="651" ind1=" " ind2="0"><marc:subfield code="a">Africa</marc:subfield><marc:subfield code="x">Relations</marc:subfield><marc:subfield code="z">Soviet Union.</marc:subfield></marc:datafield><marc:datafield tag="651" ind1=" " ind2="0"><marc:subfield code="a">Soviet Union</marc:subfield><marc:subfield code="x">Relations</marc:subfield><marc:subfield code="z">Africa.</marc:subfield></marc:datafield><marc:datafield tag="035" ind1=" " ind2=" "><marc:subfield code="a">(TxDaGIAL)37741100015189</marc:subfield></marc:datafield><marc:controlfield tag="005">20080624154345.0</marc:controlfield><marc:controlfield tag="001">246</marc:controlfield><marc:controlfield tag="003">TxDaGIAL</marc:controlfield><marc:datafield tag="852" ind1=" " ind2=" "><marc:subfield code="p">37741100015189</marc:subfield><marc:subfield code="a">Library</marc:subfield><marc:subfield code="x">COPYID:280</marc:subfield><marc:subfield code="x">FSC@aRegular@c19970206</marc:subfield><marc:subfield code="h">960.32 G875a.E 1983</marc:subfield><marc:subfield code="z">11418</marc:subfield></marc:datafield></marc:record>