
<marc:record><marc:leader>01414cas a2200385 a 4500</marc:leader>
<marc:controlfield tag="008">760620d19501972enkqr p  a    0   a0eng  </marc:controlfield>
<marc:datafield tag="010" ind1=" " ind2=" "><marc:subfield code="a">   55018105 //r86</marc:subfield></marc:datafield><marc:datafield tag="022" ind1=" " ind2=" "><marc:subfield code="a">0568-1200</marc:subfield></marc:datafield><marc:datafield tag="035" ind1=" " ind2=" "><marc:subfield code="a">(OCoLC)2257012</marc:subfield></marc:datafield><marc:datafield tag="040" ind1=" " ind2=" "><marc:subfield code="a">DLC</marc:subfield><marc:subfield code="c">PPiU</marc:subfield><marc:subfield code="d">CU-UC</marc:subfield><marc:subfield code="d">N</marc:subfield><marc:subfield code="d">InU</marc:subfield><marc:subfield code="d">m.c.</marc:subfield><marc:subfield code="d">DLC</marc:subfield><marc:subfield code="d">m/c</marc:subfield><marc:subfield code="d">NST</marc:subfield></marc:datafield><marc:datafield tag="042" ind1=" " ind2=" "><marc:subfield code="a">lc</marc:subfield></marc:datafield><marc:datafield tag="043" ind1=" " ind2=" "><marc:subfield code="a">f------</marc:subfield></marc:datafield><marc:datafield tag="050" ind1="0" ind2="0"><marc:subfield code="a">DT1</marc:subfield><marc:subfield code="b">.I553</marc:subfield></marc:datafield><marc:datafield tag="082" ind1=" " ind2=" "><marc:subfield code="a">960</marc:subfield></marc:datafield><marc:datafield tag="245" ind1="0" ind2="0"><marc:subfield code="a">African abstracts.</marc:subfield></marc:datafield><marc:datafield tag="246" ind1="1" ind2="0"><marc:subfield code="a">Bulletin analytique africaniste</marc:subfield></marc:datafield><marc:datafield tag="260" ind1=" " ind2=" "><marc:subfield code="a">[London] :</marc:subfield><marc:subfield code="b">International African Institute,</marc:subfield><marc:subfield code="c">  -[1972]</marc:subfield></marc:datafield><marc:datafield tag="300" ind1=" " ind2=" "><marc:subfield code="a">23 v. ;</marc:subfield><marc:subfield code="c">26 cm.</marc:subfield></marc:datafield><marc:datafield tag="310" ind1=" " ind2=" "><marc:subfield code="a">Quarterly</marc:subfield></marc:datafield><marc:datafield tag="362" ind1="0" ind2=" "><marc:subfield code="a">   -v. 23, no. 4 (Oct. 1972)....</marc:subfield></marc:datafield><marc:datafield tag="362" ind1="1" ind2=" "><marc:subfield code="a">Began with: Vol. 1 in Jan. 1950....</marc:subfield></marc:datafield><marc:datafield tag="500" ind1=" " ind2=" "><marc:subfield code="a">Issues for Jan. 1950-&lt;Oct. 1954&gt; have also French title: Bulletin analytique africaniste.</marc:subfield></marc:datafield><marc:datafield tag="500" ind1=" " ind2=" "><marc:subfield code="a">&quot;Quarterly review of articles appearing in current periodicals.</marc:subfield></marc:datafield><marc:datafield tag="500" ind1=" " ind2=" "><marc:subfield code="a">Description based on: Vol. 23, no. 4 (Oct. 1972); title from cover.</marc:subfield></marc:datafield><marc:datafield tag="530" ind1=" " ind2=" "><marc:subfield code="a">Available on microfilm from Micro Methods.</marc:subfield></marc:datafield><marc:datafield tag="650" ind1=" " ind2="0"><marc:subfield code="a">Ethnology</marc:subfield><marc:subfield code="z">Africa</marc:subfield><marc:subfield code="v">Abstracts</marc:subfield><marc:subfield code="v">Periodicals.</marc:subfield></marc:datafield><marc:datafield tag="650" ind1=" " ind2="0"><marc:subfield code="a">African languages</marc:subfield><marc:subfield code="v">Abstracts</marc:subfield><marc:subfield code="v">Periodicals.</marc:subfield></marc:datafield><marc:datafield tag="710" ind1="2" ind2="0"><marc:subfield code="a">International African Institute.</marc:subfield></marc:datafield><marc:datafield tag="775" ind1="0" ind2=" "><marc:subfield code="t">Analyses africanistes</marc:subfield><marc:subfield code="e">fre.</marc:subfield></marc:datafield><marc:datafield tag="850" ind1=" " ind2=" "><marc:subfield code="a">DLC</marc:subfield><marc:subfield code="a">MnU.</marc:subfield></marc:datafield><marc:datafield tag="035" ind1=" " ind2=" "><marc:subfield code="a">(TxDaGIAL)37741200000120</marc:subfield></marc:datafield><marc:controlfield tag="005">20080624154345.0</marc:controlfield><marc:controlfield tag="001">248</marc:controlfield><marc:controlfield tag="003">TxDaGIAL</marc:controlfield><marc:datafield tag="852" ind1=" " ind2=" "><marc:subfield code="p">37741200000120</marc:subfield><marc:subfield code="a">Library</marc:subfield><marc:subfield code="x">COPYID:282</marc:subfield><marc:subfield code="x">FSC@aReference@c19971128</marc:subfield><marc:subfield code="h">REF 016.96 A258 1950-1972</marc:subfield></marc:datafield></marc:record>