
<marc:record><marc:leader>00981nam a2200289 i 4500</marc:leader>
<marc:controlfield tag="008">750919s1975    nyua     b    00110aeng  </marc:controlfield>
<marc:datafield tag="010" ind1=" " ind2=" "><marc:subfield code="a">   75008437</marc:subfield></marc:datafield><marc:datafield tag="020" ind1=" " ind2=" "><marc:subfield code="a">0801408466</marc:subfield></marc:datafield><marc:datafield tag="040" ind1=" " ind2=" "><marc:subfield code="a">DLC</marc:subfield><marc:subfield code="c">DLC</marc:subfield></marc:datafield><marc:datafield tag="043" ind1=" " ind2=" "><marc:subfield code="a">fb-----</marc:subfield></marc:datafield><marc:datafield tag="050" ind1="0" ind2=" "><marc:subfield code="a">BX6194.A63</marc:subfield><marc:subfield code="b">J84</marc:subfield></marc:datafield><marc:datafield tag="082" ind1=" " ind2=" "><marc:subfield code="a">269/.2</marc:subfield></marc:datafield><marc:datafield tag="100" ind1="1" ind2="0"><marc:subfield code="a">Jules-Rosette, Bennetta.</marc:subfield></marc:datafield><marc:datafield tag="245" ind1="1" ind2="0"><marc:subfield code="a">African apostles :</marc:subfield><marc:subfield code="b">ritual and conversion in the Church of John Maranke /</marc:subfield><marc:subfield code="c">Bennetta Jules-Rosette.</marc:subfield></marc:datafield><marc:datafield tag="260" ind1="0" ind2=" "><marc:subfield code="a">Ithaca, N.Y. :</marc:subfield><marc:subfield code="b">Cornell University Press,</marc:subfield><marc:subfield code="c">1975.</marc:subfield></marc:datafield><marc:datafield tag="300" ind1=" " ind2=" "><marc:subfield code="a">302 p. :</marc:subfield><marc:subfield code="b">ill. ;</marc:subfield><marc:subfield code="c">22 cm.</marc:subfield></marc:datafield><marc:datafield tag="440" ind1=" " ind2="0"><marc:subfield code="a">Symbol, myth, and ritual series</marc:subfield></marc:datafield><marc:datafield tag="504" ind1=" " ind2=" "><marc:subfield code="a">Bibliography: p. [290]-298.</marc:subfield></marc:datafield><marc:datafield tag="500" ind1=" " ind2=" "><marc:subfield code="a">Includes index.</marc:subfield></marc:datafield><marc:datafield tag="610" ind1="2" ind2="0"><marc:subfield code="a">Apostolic Church of John Maranke.</marc:subfield></marc:datafield><marc:datafield tag="650" ind1=" " ind2="0"><marc:subfield code="a">Rites and ceremonies</marc:subfield><marc:subfield code="z">Africa, Sub-Saharan.</marc:subfield></marc:datafield><marc:datafield tag="600" ind1="1" ind2="0"><marc:subfield code="a">Jules-Rosette, Bennetta.</marc:subfield></marc:datafield><marc:datafield tag="035" ind1=" " ind2=" "><marc:subfield code="a">(TxDaGIAL)37741100006799</marc:subfield></marc:datafield><marc:controlfield tag="005">20080624154345.0</marc:controlfield><marc:controlfield tag="001">249</marc:controlfield><marc:controlfield tag="003">TxDaGIAL</marc:controlfield><marc:datafield tag="852" ind1=" " ind2=" "><marc:subfield code="p">37741100006799</marc:subfield><marc:subfield code="a">Library</marc:subfield><marc:subfield code="x">COPYID:283</marc:subfield><marc:subfield code="x">FSC@aRegular@c19950815</marc:subfield><marc:subfield code="h">264.09 J94a 1975</marc:subfield><marc:subfield code="z">5953</marc:subfield></marc:datafield></marc:record>