
<marc:record><marc:leader>01196cam a2200289 a 4500</marc:leader>
<marc:controlfield tag="008">941122s1995    nyu      b    001 0 eng  </marc:controlfield>
<marc:datafield tag="010" ind1=" " ind2=" "><marc:subfield code="a">   94044450</marc:subfield></marc:datafield><marc:datafield tag="020" ind1=" " ind2=" "><marc:subfield code="a">0805745246 (alk. paper)</marc:subfield></marc:datafield><marc:datafield tag="040" ind1=" " ind2=" "><marc:subfield code="a">DLC</marc:subfield><marc:subfield code="c">DLC</marc:subfield><marc:subfield code="d">DLC</marc:subfield></marc:datafield><marc:datafield tag="043" ind1=" " ind2=" "><marc:subfield code="a">f------</marc:subfield></marc:datafield><marc:datafield tag="050" ind1="0" ind2="0"><marc:subfield code="a">PR9344</marc:subfield><marc:subfield code="b">.O8 1995</marc:subfield></marc:datafield><marc:datafield tag="082" ind1="0" ind2="0"><marc:subfield code="a">820.9/9282/096</marc:subfield><marc:subfield code="2">20</marc:subfield></marc:datafield><marc:datafield tag="100" ind1="1" ind2=" "><marc:subfield code="a">Osa, Osayimwense.</marc:subfield></marc:datafield><marc:datafield tag="245" ind1="1" ind2="0"><marc:subfield code="a">African children's and youth literature /</marc:subfield><marc:subfield code="c">Osayimwense Osa.</marc:subfield></marc:datafield><marc:datafield tag="260" ind1=" " ind2=" "><marc:subfield code="a">New York :</marc:subfield><marc:subfield code="b">Twayne Publishers ;</marc:subfield><marc:subfield code="a">London :</marc:subfield><marc:subfield code="b">Prentice Hall International,</marc:subfield><marc:subfield code="c">c1995.</marc:subfield></marc:datafield><marc:datafield tag="300" ind1=" " ind2=" "><marc:subfield code="a">xxvii, 162 p. ;</marc:subfield><marc:subfield code="c">23 cm.</marc:subfield></marc:datafield><marc:datafield tag="490" ind1="1" ind2=" "><marc:subfield code="a">Twayne's world authors series ;</marc:subfield><marc:subfield code="v">TWAS 853.</marc:subfield><marc:subfield code="a">African literature</marc:subfield></marc:datafield><marc:datafield tag="504" ind1=" " ind2=" "><marc:subfield code="a">Includes bibliographical references (p. 151-157) and index.</marc:subfield></marc:datafield><marc:datafield tag="650" ind1=" " ind2="0"><marc:subfield code="a">Children's literature, African (English)</marc:subfield><marc:subfield code="x">History and criticism.</marc:subfield></marc:datafield><marc:datafield tag="650" ind1=" " ind2="0"><marc:subfield code="a">Young adult literature, African (English)</marc:subfield><marc:subfield code="x">History and criticism.</marc:subfield></marc:datafield><marc:datafield tag="830" ind1=" " ind2="0"><marc:subfield code="a">Twayne's world authors series ;</marc:subfield><marc:subfield code="v">TWAS 853.</marc:subfield></marc:datafield><marc:datafield tag="830" ind1=" " ind2="0"><marc:subfield code="a">Twayne's world authors series.</marc:subfield><marc:subfield code="p">African literature.</marc:subfield></marc:datafield><marc:datafield tag="035" ind1=" " ind2=" "><marc:subfield code="a">(TxDaGIAL)37741100014454</marc:subfield></marc:datafield><marc:controlfield tag="005">20080624154345.0</marc:controlfield><marc:controlfield tag="001">250</marc:controlfield><marc:controlfield tag="003">TxDaGIAL</marc:controlfield><marc:datafield tag="852" ind1=" " ind2=" "><marc:subfield code="p">37741100014454</marc:subfield><marc:subfield code="a">Library</marc:subfield><marc:subfield code="9">$21.71</marc:subfield><marc:subfield code="x">FUND:LD-Lite</marc:subfield><marc:subfield code="x">COPYID:284</marc:subfield><marc:subfield code="x">FSC@aRegular@c19970114</marc:subfield><marc:subfield code="h">820.99282 O81a 1995</marc:subfield><marc:subfield code="z">B/T 1-97</marc:subfield></marc:datafield></marc:record>