
<marc:record><marc:leader>00766pam a2200241 i 4500</marc:leader>
<marc:controlfield tag="008">791004c19801978nyu      b    00000 eng  </marc:controlfield>
<marc:datafield tag="010" ind1=" " ind2=" "><marc:subfield code="a">   79023063</marc:subfield></marc:datafield><marc:datafield tag="020" ind1=" " ind2=" "><marc:subfield code="a">0883440113</marc:subfield></marc:datafield><marc:datafield tag="040" ind1=" " ind2=" "><marc:subfield code="a">DLC</marc:subfield><marc:subfield code="c">DLC</marc:subfield><marc:subfield code="d">TxDaGIAL</marc:subfield></marc:datafield><marc:datafield tag="043" ind1=" " ind2=" "><marc:subfield code="a">f------</marc:subfield></marc:datafield><marc:datafield tag="050" ind1="0" ind2=" "><marc:subfield code="a">BR1360</marc:subfield><marc:subfield code="b">.A524 1980</marc:subfield></marc:datafield><marc:datafield tag="082" ind1=" " ind2=" "><marc:subfield code="a">230</marc:subfield></marc:datafield><marc:datafield tag="245" ind1="0" ind2="0"><marc:subfield code="a">African Christian spirituality /</marc:subfield><marc:subfield code="c">edited with an introd. by Aylward Shorter.</marc:subfield></marc:datafield><marc:datafield tag="260" ind1="0" ind2=" "><marc:subfield code="a">Maryknoll, N.Y. :</marc:subfield><marc:subfield code="b">Orbis Books,</marc:subfield><marc:subfield code="c">1980, c1978.</marc:subfield></marc:datafield><marc:datafield tag="300" ind1=" " ind2=" "><marc:subfield code="a">160 p. ;</marc:subfield><marc:subfield code="c">21 cm.</marc:subfield></marc:datafield><marc:datafield tag="504" ind1=" " ind2=" "><marc:subfield code="a">Includes bibliographical references.</marc:subfield></marc:datafield><marc:datafield tag="650" ind1=" " ind2="0"><marc:subfield code="a">Christianity</marc:subfield><marc:subfield code="z">Africa.</marc:subfield></marc:datafield><marc:datafield tag="700" ind1="1" ind2="0"><marc:subfield code="a">Shorter, Aylward.</marc:subfield></marc:datafield><marc:datafield tag="035" ind1=" " ind2=" "><marc:subfield code="a">(TxDaGIAL)37741100011502</marc:subfield></marc:datafield><marc:controlfield tag="005">20080624154346.0</marc:controlfield><marc:controlfield tag="001">251</marc:controlfield><marc:controlfield tag="003">TxDaGIAL</marc:controlfield><marc:datafield tag="852" ind1=" " ind2=" "><marc:subfield code="p">37741100011502</marc:subfield><marc:subfield code="a">Library</marc:subfield><marc:subfield code="x">COPYID:285</marc:subfield><marc:subfield code="x">FSC@aRegular@c19960521</marc:subfield><marc:subfield code="h">230 A258s 1980</marc:subfield><marc:subfield code="z">7983</marc:subfield></marc:datafield></marc:record>