
<marc:record><marc:leader>01079pam a2200313 i 4500</marc:leader>
<marc:controlfield tag="008">790831s1979    nyu      b    00100 eng  </marc:controlfield>
<marc:datafield tag="010" ind1=" " ind2=" "><marc:subfield code="a">   79051668</marc:subfield></marc:datafield><marc:datafield tag="020" ind1=" " ind2=" "><marc:subfield code="a">0121134504</marc:subfield></marc:datafield><marc:datafield tag="040" ind1=" " ind2=" "><marc:subfield code="a">DLC</marc:subfield><marc:subfield code="c">DLC</marc:subfield><marc:subfield code="d">DLC</marc:subfield></marc:datafield><marc:datafield tag="043" ind1=" " ind2=" "><marc:subfield code="a">f------</marc:subfield></marc:datafield><marc:datafield tag="050" ind1="0" ind2=" "><marc:subfield code="a">BR1360</marc:subfield><marc:subfield code="b">.A526</marc:subfield></marc:datafield><marc:datafield tag="082" ind1=" " ind2=" "><marc:subfield code="a">289.9</marc:subfield></marc:datafield><marc:datafield tag="245" ind1="0" ind2="0"><marc:subfield code="a">African Christianity :</marc:subfield><marc:subfield code="b">patterns of religious continuity /</marc:subfield><marc:subfield code="c">edited by George Bond, Walton Johnson, Sheila S. Walker.</marc:subfield></marc:datafield><marc:datafield tag="260" ind1="0" ind2=" "><marc:subfield code="a">New York :</marc:subfield><marc:subfield code="b">Academic Press,</marc:subfield><marc:subfield code="c">c1979.</marc:subfield></marc:datafield><marc:datafield tag="300" ind1=" " ind2=" "><marc:subfield code="a">xvi, 175 p. ;</marc:subfield><marc:subfield code="c">24 cm.</marc:subfield></marc:datafield><marc:datafield tag="490" ind1="0" ind2=" "><marc:subfield code="a">Studies in anthropology</marc:subfield></marc:datafield><marc:datafield tag="504" ind1=" " ind2=" "><marc:subfield code="a">Includes bibliographies and index.</marc:subfield></marc:datafield><marc:datafield tag="650" ind1=" " ind2="0"><marc:subfield code="a">Christianity</marc:subfield><marc:subfield code="z">Africa.</marc:subfield></marc:datafield><marc:datafield tag="650" ind1=" " ind2="0"><marc:subfield code="a">Christian sects</marc:subfield><marc:subfield code="z">Africa.</marc:subfield></marc:datafield><marc:datafield tag="651" ind1=" " ind2="0"><marc:subfield code="a">Africa</marc:subfield><marc:subfield code="x">Church history.</marc:subfield></marc:datafield><marc:datafield tag="700" ind1="1" ind2="0"><marc:subfield code="a">Bond, George C.</marc:subfield></marc:datafield><marc:datafield tag="700" ind1="1" ind2="0"><marc:subfield code="a">Johnson, Walton R.</marc:subfield></marc:datafield><marc:datafield tag="700" ind1="1" ind2="0"><marc:subfield code="a">Walker, Sheila S.</marc:subfield></marc:datafield><marc:datafield tag="035" ind1=" " ind2=" "><marc:subfield code="a">(TxDaGIAL)37741100000833</marc:subfield></marc:datafield><marc:controlfield tag="005">20080624154346.0</marc:controlfield><marc:controlfield tag="001">253</marc:controlfield><marc:controlfield tag="003">TxDaGIAL</marc:controlfield><marc:datafield tag="852" ind1=" " ind2=" "><marc:subfield code="p">37741100000833</marc:subfield><marc:subfield code="a">Library</marc:subfield><marc:subfield code="x">COPYID:287</marc:subfield><marc:subfield code="x">FSC@aRegular@c19941230</marc:subfield><marc:subfield code="h">289.9 A258 1979</marc:subfield><marc:subfield code="z">6378</marc:subfield></marc:datafield><marc:datafield tag="852" ind1=" " ind2=" "><marc:subfield code="p">37741100000867</marc:subfield><marc:subfield code="a">Library</marc:subfield><marc:subfield code="x">COPYID:288</marc:subfield><marc:subfield code="x">FSC@aRegular@c19941230</marc:subfield><marc:subfield code="h">289.9 A258 1979</marc:subfield><marc:subfield code="z">6618</marc:subfield></marc:datafield></marc:record>