
<marc:record><marc:leader>01447nam a22003131a 4500</marc:leader>
<marc:controlfield tag="008">730529s1963    nyua     b    00110 eng d</marc:controlfield>
<marc:datafield tag="010" ind1=" " ind2=" "><marc:subfield code="z">   63012473</marc:subfield></marc:datafield><marc:datafield tag="040" ind1=" " ind2=" "><marc:subfield code="a">DLC</marc:subfield><marc:subfield code="c">DLC</marc:subfield><marc:subfield code="d">DLC</marc:subfield><marc:subfield code="d">OCoLC</marc:subfield><marc:subfield code="d">TxDaGIAL</marc:subfield></marc:datafield><marc:datafield tag="043" ind1=" " ind2=" "><marc:subfield code="a">f------</marc:subfield></marc:datafield><marc:datafield tag="050" ind1="0" ind2="0"><marc:subfield code="a">QE757.A1</marc:subfield><marc:subfield code="b">H68</marc:subfield></marc:datafield><marc:datafield tag="082" ind1="0" ind2="4"><marc:subfield code="a">560./96</marc:subfield><marc:subfield code="2">20</marc:subfield></marc:datafield><marc:datafield tag="100" ind1="1" ind2="0"><marc:subfield code="a">Howell, F. Clark</marc:subfield><marc:subfield code="q">(Francis Clark),</marc:subfield><marc:subfield code="e">ed.</marc:subfield></marc:datafield><marc:datafield tag="245" ind1="1" ind2="0"><marc:subfield code="a">African ecology and human evolution /</marc:subfield><marc:subfield code="c">edited by F. Clark Howell and Franois Bourlire.</marc:subfield></marc:datafield><marc:datafield tag="250" ind1=" " ind2=" "><marc:subfield code="a">Subscribers edition.</marc:subfield></marc:datafield><marc:datafield tag="260" ind1="0" ind2=" "><marc:subfield code="a">New York :</marc:subfield><marc:subfield code="b">Wenner-Gren Foundation for Anthropological Reasearch :</marc:subfield><marc:subfield code="b">distributed through Current anthropology,</marc:subfield><marc:subfield code="c">1963.</marc:subfield></marc:datafield><marc:datafield tag="300" ind1=" " ind2=" "><marc:subfield code="a">viii, 666 p. :</marc:subfield><marc:subfield code="b">ill., maps (part fold.) ;</marc:subfield><marc:subfield code="c">26 cm.</marc:subfield></marc:datafield><marc:datafield tag="440" ind1=" " ind2="0"><marc:subfield code="a">Viking Fund publications in anthropology ;</marc:subfield><marc:subfield code="v">36</marc:subfield></marc:datafield><marc:datafield tag="500" ind1=" " ind2=" "><marc:subfield code="a">&quot;Background papers and discussion transcription of a symposium, sponsored by the Wenner-Gren Foundation for Anthropological Research ... Burg Wartenstein, Austria ... July 10 to 22, 1961.&quot;</marc:subfield></marc:datafield><marc:datafield tag="504" ind1=" " ind2=" "><marc:subfield code="a">Includes bibliographies and index.</marc:subfield></marc:datafield><marc:datafield tag="650" ind1=" " ind2="0"><marc:subfield code="a">Paleontology</marc:subfield><marc:subfield code="z">Africa</marc:subfield><marc:subfield code="v">Congresses.</marc:subfield></marc:datafield><marc:datafield tag="650" ind1=" " ind2="0"><marc:subfield code="a">Prehistoric peoples</marc:subfield><marc:subfield code="z">Africa</marc:subfield><marc:subfield code="v">Congresses.</marc:subfield></marc:datafield><marc:datafield tag="650" ind1=" " ind2="0"><marc:subfield code="a">Animal ecology</marc:subfield><marc:subfield code="z">Africa</marc:subfield><marc:subfield code="v">Congresses.</marc:subfield></marc:datafield><marc:datafield tag="700" ind1="1" ind2="0"><marc:subfield code="a">Bourlire, Franois,</marc:subfield><marc:subfield code="d">1913-</marc:subfield><marc:subfield code="e">joint ed.</marc:subfield></marc:datafield><marc:datafield tag="710" ind1="2" ind2="0"><marc:subfield code="a">Wenner-Gren Foundation for Anthropological Research.</marc:subfield></marc:datafield><marc:datafield tag="035" ind1=" " ind2=" "><marc:subfield code="a">(TxDaGIAL)37741100009327</marc:subfield></marc:datafield><marc:controlfield tag="005">20080624154347.0</marc:controlfield><marc:controlfield tag="001">255</marc:controlfield><marc:controlfield tag="003">TxDaGIAL</marc:controlfield><marc:datafield tag="852" ind1=" " ind2=" "><marc:subfield code="p">37741100009327</marc:subfield><marc:subfield code="a">Library</marc:subfield><marc:subfield code="x">COPYID:290</marc:subfield><marc:subfield code="x">FSC@aRegular@c19951101</marc:subfield><marc:subfield code="h">560.96 H859a 1963</marc:subfield><marc:subfield code="z">1285</marc:subfield></marc:datafield></marc:record>