
<marc:record><marc:leader>00912cam a2200253 i 4500</marc:leader>
<marc:controlfield tag="008">770331s1977    mdua     b    00110 eng  </marc:controlfield>
<marc:datafield tag="010" ind1=" " ind2=" "><marc:subfield code="a">   77005465 //r932</marc:subfield></marc:datafield><marc:datafield tag="020" ind1=" " ind2=" "><marc:subfield code="a">0912752084 :</marc:subfield><marc:subfield code="c">$16.00</marc:subfield></marc:datafield><marc:datafield tag="040" ind1=" " ind2=" "><marc:subfield code="a">DLC</marc:subfield><marc:subfield code="c">DLC</marc:subfield><marc:subfield code="d">DLC</marc:subfield></marc:datafield><marc:datafield tag="043" ind1=" " ind2=" "><marc:subfield code="a">fw-----</marc:subfield><marc:subfield code="a">f-ml---</marc:subfield></marc:datafield><marc:datafield tag="050" ind1="0" ind2="0"><marc:subfield code="a">DT551.42</marc:subfield><marc:subfield code="b">.I46</marc:subfield></marc:datafield><marc:datafield tag="082" ind1="0" ind2="0"><marc:subfield code="a">615/.882/096</marc:subfield></marc:datafield><marc:datafield tag="100" ind1="1" ind2="0"><marc:subfield code="a">Imperato, Pascal James.</marc:subfield></marc:datafield><marc:datafield tag="245" ind1="1" ind2="0"><marc:subfield code="a">African folk medicine :</marc:subfield><marc:subfield code="b">practices and beliefs of the Bambara and other peoples /</marc:subfield><marc:subfield code="c">Pascal James Imperato.</marc:subfield></marc:datafield><marc:datafield tag="260" ind1="0" ind2=" "><marc:subfield code="a">Baltimore :</marc:subfield><marc:subfield code="b">York Press,</marc:subfield><marc:subfield code="c">c1977.</marc:subfield></marc:datafield><marc:datafield tag="300" ind1=" " ind2=" "><marc:subfield code="a">xvii, 251 p. :</marc:subfield><marc:subfield code="b">ill. ;</marc:subfield><marc:subfield code="c">24 cm.</marc:subfield></marc:datafield><marc:datafield tag="504" ind1=" " ind2=" "><marc:subfield code="a">Includes bibliographies and indexes.</marc:subfield></marc:datafield><marc:datafield tag="650" ind1=" " ind2="0"><marc:subfield code="a">Bambara (African people)</marc:subfield><marc:subfield code="x">Medicine.</marc:subfield></marc:datafield><marc:datafield tag="650" ind1=" " ind2="0"><marc:subfield code="a">Traditional medicine</marc:subfield><marc:subfield code="z">Africa, West.</marc:subfield></marc:datafield><marc:datafield tag="035" ind1=" " ind2=" "><marc:subfield code="a">(TxDaGIAL)37741100005396</marc:subfield></marc:datafield><marc:controlfield tag="005">20080624154347.0</marc:controlfield><marc:controlfield tag="001">257</marc:controlfield><marc:controlfield tag="003">TxDaGIAL</marc:controlfield><marc:datafield tag="852" ind1=" " ind2=" "><marc:subfield code="p">37741100005396</marc:subfield><marc:subfield code="a">Library</marc:subfield><marc:subfield code="9">$16.00</marc:subfield><marc:subfield code="x">COPYID:292</marc:subfield><marc:subfield code="x">FSC@aRegular@c19950630</marc:subfield><marc:subfield code="h">615.882096 I34a 1977</marc:subfield><marc:subfield code="z">B/T 1-90</marc:subfield></marc:datafield></marc:record>