
<marc:record><marc:leader>00944cam a2200277 a 4500</marc:leader>
<marc:controlfield tag="008">860123s1987    inu      b   s00100 eng  </marc:controlfield>
<marc:datafield tag="010" ind1=" " ind2=" "><marc:subfield code="a">   85045468 //r90</marc:subfield></marc:datafield><marc:datafield tag="020" ind1=" " ind2=" "><marc:subfield code="a">0253302528</marc:subfield></marc:datafield><marc:datafield tag="040" ind1=" " ind2=" "><marc:subfield code="a">DLC</marc:subfield><marc:subfield code="c">DLC</marc:subfield><marc:subfield code="d">DLC</marc:subfield></marc:datafield><marc:datafield tag="043" ind1=" " ind2=" "><marc:subfield code="a">f------</marc:subfield></marc:datafield><marc:datafield tag="050" ind1="0" ind2="0"><marc:subfield code="a">GN645</marc:subfield><marc:subfield code="b">.A362 1987</marc:subfield></marc:datafield><marc:datafield tag="082" ind1="0" ind2="0"><marc:subfield code="a">306/.096</marc:subfield><marc:subfield code="2">19</marc:subfield></marc:datafield><marc:datafield tag="245" ind1="0" ind2="4"><marc:subfield code="a">The African frontier :</marc:subfield><marc:subfield code="b">the reproduction of traditional African societies /</marc:subfield><marc:subfield code="c">edited with an introduction by Igor Kopytoff.</marc:subfield></marc:datafield><marc:datafield tag="260" ind1="0" ind2=" "><marc:subfield code="a">Bloomington :</marc:subfield><marc:subfield code="b">Indiana University Press,</marc:subfield><marc:subfield code="c">c1987.</marc:subfield></marc:datafield><marc:datafield tag="300" ind1=" " ind2=" "><marc:subfield code="a">viii, 288 p. :</marc:subfield><marc:subfield code="b">map ;</marc:subfield><marc:subfield code="c">25 cm.</marc:subfield></marc:datafield><marc:datafield tag="504" ind1=" " ind2=" "><marc:subfield code="a">Includes bibliographies and index.</marc:subfield></marc:datafield><marc:datafield tag="650" ind1=" " ind2="0"><marc:subfield code="a">Ethnology</marc:subfield><marc:subfield code="z">Africa.</marc:subfield></marc:datafield><marc:datafield tag="651" ind1=" " ind2="0"><marc:subfield code="a">Africa</marc:subfield><marc:subfield code="x">Social conditions.</marc:subfield></marc:datafield><marc:datafield tag="650" ind1=" " ind2="0"><marc:subfield code="a">Frontier thesis.</marc:subfield></marc:datafield><marc:datafield tag="650" ind1=" " ind2="0"><marc:subfield code="a">Ethnic barriers.</marc:subfield></marc:datafield><marc:datafield tag="700" ind1="1" ind2="0"><marc:subfield code="a">Kopytoff, Igor.</marc:subfield></marc:datafield><marc:datafield tag="035" ind1=" " ind2=" "><marc:subfield code="a">(TxDaGIAL)37741100007965</marc:subfield></marc:datafield><marc:controlfield tag="005">20080624154348.0</marc:controlfield><marc:controlfield tag="001">258</marc:controlfield><marc:controlfield tag="003">TxDaGIAL</marc:controlfield><marc:datafield tag="852" ind1=" " ind2=" "><marc:subfield code="p">37741100007965</marc:subfield><marc:subfield code="a">Library</marc:subfield><marc:subfield code="x">COPYID:293</marc:subfield><marc:subfield code="x">FSC@aRegular@c19950912</marc:subfield><marc:subfield code="h">306.096 A258k 1987</marc:subfield><marc:subfield code="z">12627</marc:subfield></marc:datafield></marc:record>