
<marc:record><marc:leader>00716cam a2200229 i 4500</marc:leader>
<marc:controlfield tag="008">780109s1978    maua     b    00100 eng  </marc:controlfield>
<marc:datafield tag="010" ind1=" " ind2=" "><marc:subfield code="a">   77079607</marc:subfield></marc:datafield><marc:datafield tag="040" ind1=" " ind2=" "><marc:subfield code="a">DLC</marc:subfield><marc:subfield code="c">DLC</marc:subfield><marc:subfield code="d">TxDaGIAL</marc:subfield></marc:datafield><marc:datafield tag="043" ind1=" " ind2=" "><marc:subfield code="a">f------</marc:subfield></marc:datafield><marc:datafield tag="050" ind1="0" ind2=" "><marc:subfield code="a">DT20</marc:subfield><marc:subfield code="b">.A619</marc:subfield></marc:datafield><marc:datafield tag="082" ind1=" " ind2=" "><marc:subfield code="a">960</marc:subfield></marc:datafield><marc:datafield tag="245" ind1="0" ind2="0"><marc:subfield code="a">African history /</marc:subfield><marc:subfield code="c">Philip Curtin ... [et al.].</marc:subfield></marc:datafield><marc:datafield tag="260" ind1="0" ind2=" "><marc:subfield code="a">Boston :</marc:subfield><marc:subfield code="b">Little, Brown,</marc:subfield><marc:subfield code="c">c1978.</marc:subfield></marc:datafield><marc:datafield tag="300" ind1=" " ind2=" "><marc:subfield code="a">xv, 612 p., 6 p. of plates :</marc:subfield><marc:subfield code="b">ill., maps ;</marc:subfield><marc:subfield code="c">23 cm.</marc:subfield></marc:datafield><marc:datafield tag="504" ind1=" " ind2=" "><marc:subfield code="a">Includes bibliographies and index.</marc:subfield></marc:datafield><marc:datafield tag="651" ind1=" " ind2="0"><marc:subfield code="a">Africa</marc:subfield><marc:subfield code="x">History.</marc:subfield></marc:datafield><marc:datafield tag="700" ind1="1" ind2="0"><marc:subfield code="a">Curtin, Philip D.</marc:subfield></marc:datafield><marc:datafield tag="035" ind1=" " ind2=" "><marc:subfield code="a">(TxDaGIAL)37741100008188</marc:subfield></marc:datafield><marc:controlfield tag="005">20080624154348.0</marc:controlfield><marc:controlfield tag="001">260</marc:controlfield><marc:controlfield tag="003">TxDaGIAL</marc:controlfield><marc:datafield tag="852" ind1=" " ind2=" "><marc:subfield code="p">37741100008188</marc:subfield><marc:subfield code="a">Library</marc:subfield><marc:subfield code="x">COPYID:295</marc:subfield><marc:subfield code="x">FSC@aRegular@c19950915</marc:subfield><marc:subfield code="h">960 A258c 1978</marc:subfield><marc:subfield code="z">6345</marc:subfield></marc:datafield></marc:record>