
<marc:record><marc:leader>00856pam a2200253 a 4500</marc:leader>
<marc:controlfield tag="008">831021s1983    dcua     b   f00010 eng  </marc:controlfield>
<marc:datafield tag="010" ind1=" " ind2=" "><marc:subfield code="a">   83020174</marc:subfield></marc:datafield><marc:datafield tag="020" ind1=" " ind2=" "><marc:subfield code="a">087474282X</marc:subfield></marc:datafield><marc:datafield tag="020" ind1=" " ind2=" "><marc:subfield code="a">0874742811 (pbk.) :</marc:subfield><marc:subfield code="c">$17.95</marc:subfield></marc:datafield><marc:datafield tag="040" ind1=" " ind2=" "><marc:subfield code="a">DLC</marc:subfield><marc:subfield code="c">DLC</marc:subfield><marc:subfield code="d">DLC</marc:subfield><marc:subfield code="d">TxDaGIAL</marc:subfield></marc:datafield><marc:datafield tag="043" ind1=" " ind2=" "><marc:subfield code="a">f------</marc:subfield></marc:datafield><marc:datafield tag="050" ind1="0" ind2=" "><marc:subfield code="a">BP64.A1</marc:subfield><marc:subfield code="b">B69 1983</marc:subfield></marc:datafield><marc:datafield tag="082" ind1="0" ind2=" "><marc:subfield code="a">297/.0967</marc:subfield><marc:subfield code="2">19</marc:subfield></marc:datafield><marc:datafield tag="100" ind1="1" ind2="0"><marc:subfield code="a">Bravmann, Ren A.</marc:subfield></marc:datafield><marc:datafield tag="245" ind1="1" ind2="0"><marc:subfield code="a">African Islam /</marc:subfield><marc:subfield code="c">by Ren  A. Bravmann.</marc:subfield></marc:datafield><marc:datafield tag="260" ind1="0" ind2=" "><marc:subfield code="a">Washington, DC :</marc:subfield><marc:subfield code="b">Smithsonian Institution Press ;</marc:subfield><marc:subfield code="a">London :</marc:subfield><marc:subfield code="b">Ethnographica,</marc:subfield><marc:subfield code="c">1983.</marc:subfield></marc:datafield><marc:datafield tag="300" ind1=" " ind2=" "><marc:subfield code="a">120 p. :</marc:subfield><marc:subfield code="b">ill. (some col.) ;</marc:subfield><marc:subfield code="c">26 cm.</marc:subfield></marc:datafield><marc:datafield tag="504" ind1=" " ind2=" "><marc:subfield code="a">Bibliography: p. 118-120.</marc:subfield></marc:datafield><marc:datafield tag="650" ind1=" " ind2="0"><marc:subfield code="a">Islam</marc:subfield><marc:subfield code="z">Africa, Sub-Saharan.</marc:subfield></marc:datafield><marc:datafield tag="035" ind1=" " ind2=" "><marc:subfield code="a">(TxDaGIAL)37741100000908</marc:subfield></marc:datafield><marc:controlfield tag="005">20080624154349.0</marc:controlfield><marc:controlfield tag="001">262</marc:controlfield><marc:controlfield tag="003">TxDaGIAL</marc:controlfield><marc:datafield tag="852" ind1=" " ind2=" "><marc:subfield code="p">37741100000908</marc:subfield><marc:subfield code="a">Library</marc:subfield><marc:subfield code="9">$12.57</marc:subfield><marc:subfield code="x">COPYID:297</marc:subfield><marc:subfield code="x">FSC@aRegular@c19950103</marc:subfield><marc:subfield code="h">297.0967 B826 1983</marc:subfield><marc:subfield code="z">Dir 1-93</marc:subfield></marc:datafield></marc:record>