
<marc:record><marc:leader>01029pam a2200289 a 4500</marc:leader>
<marc:controlfield tag="008">940323s1994    nyu      b    001 0 eng  </marc:controlfield>
<marc:datafield tag="010" ind1=" " ind2=" "><marc:subfield code="a">   93017208</marc:subfield></marc:datafield><marc:datafield tag="020" ind1=" " ind2=" "><marc:subfield code="a">0415094763 (text) :</marc:subfield><marc:subfield code="c">$89.95</marc:subfield></marc:datafield><marc:datafield tag="040" ind1=" " ind2=" "><marc:subfield code="a">DLC</marc:subfield><marc:subfield code="c">DLC</marc:subfield><marc:subfield code="d">DLC</marc:subfield></marc:datafield><marc:datafield tag="043" ind1=" " ind2=" "><marc:subfield code="a">f------</marc:subfield></marc:datafield><marc:datafield tag="050" ind1="0" ind2="0"><marc:subfield code="a">P119.32.A3</marc:subfield><marc:subfield code="b">A38 1994</marc:subfield></marc:datafield><marc:datafield tag="082" ind1="0" ind2="0"><marc:subfield code="a">306.4/49/096</marc:subfield><marc:subfield code="2">20</marc:subfield></marc:datafield><marc:datafield tag="245" ind1="0" ind2="0"><marc:subfield code="a">African languages, development and the state /</marc:subfield><marc:subfield code="c">edited by Richard Fardon and Graham Furniss.</marc:subfield></marc:datafield><marc:datafield tag="260" ind1=" " ind2=" "><marc:subfield code="a">London ;</marc:subfield><marc:subfield code="a">New York :</marc:subfield><marc:subfield code="b">Routledge,</marc:subfield><marc:subfield code="c">1994.</marc:subfield></marc:datafield><marc:datafield tag="300" ind1=" " ind2=" "><marc:subfield code="a">xi, 254 p. ;</marc:subfield><marc:subfield code="c">23 cm.</marc:subfield></marc:datafield><marc:datafield tag="504" ind1=" " ind2=" "><marc:subfield code="a">Includes bibliographical references and indexes.</marc:subfield></marc:datafield><marc:datafield tag="650" ind1=" " ind2="0"><marc:subfield code="a">African languages</marc:subfield><marc:subfield code="x">Political aspects.</marc:subfield></marc:datafield><marc:datafield tag="650" ind1=" " ind2="0"><marc:subfield code="a">Language and languages</marc:subfield><marc:subfield code="x">Political aspects.</marc:subfield></marc:datafield><marc:datafield tag="650" ind1=" " ind2="0"><marc:subfield code="a">Language policy</marc:subfield><marc:subfield code="z">Africa.</marc:subfield></marc:datafield><marc:datafield tag="650" ind1=" " ind2="0"><marc:subfield code="a">Language planning</marc:subfield><marc:subfield code="z">Africa.</marc:subfield></marc:datafield><marc:datafield tag="700" ind1="1" ind2="0"><marc:subfield code="a">Fardon, Richard.</marc:subfield></marc:datafield><marc:datafield tag="700" ind1="1" ind2="0"><marc:subfield code="a">Furniss, Graham.</marc:subfield></marc:datafield><marc:datafield tag="035" ind1=" " ind2=" "><marc:subfield code="a">(TxDaGIAL)37741100005415</marc:subfield></marc:datafield><marc:controlfield tag="005">20080624154350.0</marc:controlfield><marc:controlfield tag="001">264</marc:controlfield><marc:controlfield tag="003">TxDaGIAL</marc:controlfield><marc:datafield tag="852" ind1=" " ind2=" "><marc:subfield code="p">37741100005415</marc:subfield><marc:subfield code="a">Library</marc:subfield><marc:subfield code="9">$78.26</marc:subfield><marc:subfield code="x">COPYID:299</marc:subfield><marc:subfield code="x">FSC@aRegular@c19950701</marc:subfield><marc:subfield code="h">306.449096 A258f 1994</marc:subfield><marc:subfield code="z">B/T 6-95</marc:subfield></marc:datafield></marc:record>