
<marc:record><marc:leader>00959cam a2200253 a 4500</marc:leader>
<marc:controlfield tag="008">830622s1981    fr       b   i00000 eng  </marc:controlfield>
<marc:datafield tag="010" ind1=" " ind2=" "><marc:subfield code="a">   83142892 //r89</marc:subfield></marc:datafield><marc:datafield tag="040" ind1=" " ind2=" "><marc:subfield code="a">DLC</marc:subfield><marc:subfield code="c">DLC</marc:subfield><marc:subfield code="d">TxDaGIAL</marc:subfield></marc:datafield><marc:datafield tag="043" ind1=" " ind2=" "><marc:subfield code="a">f------</marc:subfield></marc:datafield><marc:datafield tag="050" ind1="0" ind2=" "><marc:subfield code="a">PL8002</marc:subfield><marc:subfield code="b">.A34 1981</marc:subfield></marc:datafield><marc:datafield tag="082" ind1="0" ind2=" "><marc:subfield code="a">409/.6</marc:subfield><marc:subfield code="2">19</marc:subfield></marc:datafield><marc:datafield tag="245" ind1="0" ind2="0"><marc:subfield code="a">African languages :</marc:subfield><marc:subfield code="b">proceedings of the meeting of experts on the use of the regional or subregional African languages as media of culture and communication with the continent, Bamako (Mali), 18-22 June 1979.</marc:subfield></marc:datafield><marc:datafield tag="260" ind1="0" ind2=" "><marc:subfield code="a">Paris :</marc:subfield><marc:subfield code="b">Unesco,</marc:subfield><marc:subfield code="c">1981.</marc:subfield></marc:datafield><marc:datafield tag="300" ind1=" " ind2=" "><marc:subfield code="a">126 p. ;</marc:subfield><marc:subfield code="c">24 cm.</marc:subfield></marc:datafield><marc:datafield tag="504" ind1=" " ind2=" "><marc:subfield code="a">Includes bibliographical references.</marc:subfield></marc:datafield><marc:datafield tag="650" ind1=" " ind2="0"><marc:subfield code="a">African languages</marc:subfield><marc:subfield code="v">Congresses.</marc:subfield></marc:datafield><marc:datafield tag="650" ind1=" " ind2="0"><marc:subfield code="a">Lingua francas</marc:subfield><marc:subfield code="z">Africa</marc:subfield><marc:subfield code="v">Congresses.</marc:subfield></marc:datafield><marc:datafield tag="650" ind1=" " ind2="0"><marc:subfield code="a">Sociolinguistics</marc:subfield><marc:subfield code="z">Africa.</marc:subfield></marc:datafield><marc:datafield tag="710" ind1="2" ind2="0"><marc:subfield code="a">Unesco.</marc:subfield></marc:datafield><marc:datafield tag="035" ind1=" " ind2=" "><marc:subfield code="a">(TxDaGIAL)37741100003650</marc:subfield></marc:datafield><marc:controlfield tag="005">20080624154350.0</marc:controlfield><marc:controlfield tag="001">265</marc:controlfield><marc:controlfield tag="003">TxDaGIAL</marc:controlfield><marc:datafield tag="852" ind1=" " ind2=" "><marc:subfield code="p">37741100003650</marc:subfield><marc:subfield code="a">Library</marc:subfield><marc:subfield code="x">COPYID:300</marc:subfield><marc:subfield code="x">FSC@aRegular@c19950420</marc:subfield><marc:subfield code="h">306.44089 A258 1981</marc:subfield><marc:subfield code="z">2-91</marc:subfield></marc:datafield></marc:record>