
<marc:record><marc:leader>01017cam a2200277 a 4500</marc:leader>
<marc:controlfield tag="008">851018s1985    ne       b    01000 eng  </marc:controlfield>
<marc:datafield tag="010" ind1=" " ind2=" "><marc:subfield code="a">   85026968 //r90</marc:subfield></marc:datafield><marc:datafield tag="020" ind1=" " ind2=" "><marc:subfield code="a">902722322X (alk. paper : pbk.) :</marc:subfield><marc:subfield code="c">$60.00 (U.S.)</marc:subfield></marc:datafield><marc:datafield tag="040" ind1=" " ind2=" "><marc:subfield code="a">DLC</marc:subfield><marc:subfield code="c">DLC</marc:subfield><marc:subfield code="d">DLC</marc:subfield><marc:subfield code="d">OCoLC</marc:subfield></marc:datafield><marc:datafield tag="050" ind1="0" ind2="0"><marc:subfield code="a">PL8003</marc:subfield><marc:subfield code="b">.A35 1985</marc:subfield></marc:datafield><marc:datafield tag="082" ind1="0" ind2="0"><marc:subfield code="a">496</marc:subfield><marc:subfield code="2">19</marc:subfield></marc:datafield><marc:datafield tag="245" ind1="0" ind2="0"><marc:subfield code="a">African linguistics :</marc:subfield><marc:subfield code="b">essays in memory of M.W.K. Semikenke /</marc:subfield><marc:subfield code="c">edited by Didier L. Goyvaerts.</marc:subfield></marc:datafield><marc:datafield tag="260" ind1="0" ind2=" "><marc:subfield code="a">Amsterdam ;</marc:subfield><marc:subfield code="a">Philadelphia :</marc:subfield><marc:subfield code="b">J. Benjamins Pub. Co.,</marc:subfield><marc:subfield code="c">1985.</marc:subfield></marc:datafield><marc:datafield tag="300" ind1=" " ind2=" "><marc:subfield code="a">x, 508 p. ;</marc:subfield><marc:subfield code="c">23 cm.</marc:subfield></marc:datafield><marc:datafield tag="440" ind1=" " ind2="0"><marc:subfield code="a">Studies in the sciences of language series ;</marc:subfield><marc:subfield code="v">6</marc:subfield></marc:datafield><marc:datafield tag="504" ind1=" " ind2=" "><marc:subfield code="a">Includes bibliographies.</marc:subfield></marc:datafield><marc:datafield tag="650" ind1=" " ind2="0"><marc:subfield code="a">African languages.</marc:subfield></marc:datafield><marc:datafield tag="650" ind1=" " ind2="0"><marc:subfield code="a">Linguistics.</marc:subfield></marc:datafield><marc:datafield tag="600" ind1="0" ind2="0"><marc:subfield code="a">Semikenke Muzeyi wa Kazoza,</marc:subfield><marc:subfield code="d">d. 1982.</marc:subfield></marc:datafield><marc:datafield tag="700" ind1="0" ind2="0"><marc:subfield code="a">Semikenke Muzeyi wa Kazoza,</marc:subfield><marc:subfield code="d">d. 1982.</marc:subfield></marc:datafield><marc:datafield tag="700" ind1="1" ind2="0"><marc:subfield code="a">Goyvaerts, D. L.,</marc:subfield><marc:subfield code="d">1946-</marc:subfield></marc:datafield><marc:datafield tag="035" ind1=" " ind2=" "><marc:subfield code="a">(TxDaGIAL)37741100003658</marc:subfield></marc:datafield><marc:controlfield tag="005">20080624154350.0</marc:controlfield><marc:controlfield tag="001">266</marc:controlfield><marc:controlfield tag="003">TxDaGIAL</marc:controlfield><marc:datafield tag="852" ind1=" " ind2=" "><marc:subfield code="p">37741100003658</marc:subfield><marc:subfield code="a">Library</marc:subfield><marc:subfield code="x">COPYID:301</marc:subfield><marc:subfield code="x">FSC@aRegular@c19950420</marc:subfield><marc:subfield code="h">496 A258g 1985</marc:subfield><marc:subfield code="z">11940</marc:subfield></marc:datafield></marc:record>