
<marc:record><marc:leader>01021pam a2200265 a 4500</marc:leader>
<marc:controlfield tag="008">901107s1991    ctu      bk   00110 eng  </marc:controlfield>
<marc:datafield tag="010" ind1=" " ind2=" "><marc:subfield code="a">   90024517 /MN</marc:subfield></marc:datafield><marc:datafield tag="020" ind1=" " ind2=" "><marc:subfield code="a">0313277699 (alk. paper)</marc:subfield></marc:datafield><marc:datafield tag="040" ind1=" " ind2=" "><marc:subfield code="a">DLC</marc:subfield><marc:subfield code="c">DLC</marc:subfield><marc:subfield code="d">DLC</marc:subfield></marc:datafield><marc:datafield tag="043" ind1=" " ind2=" "><marc:subfield code="a">fb-----</marc:subfield></marc:datafield><marc:datafield tag="050" ind1="0" ind2="0"><marc:subfield code="a">ML120.A35</marc:subfield><marc:subfield code="b">G7 1991</marc:subfield></marc:datafield><marc:datafield tag="082" ind1="0" ind2="0"><marc:subfield code="a">016.78/0967</marc:subfield><marc:subfield code="2">20</marc:subfield></marc:datafield><marc:datafield tag="100" ind1="1" ind2="0"><marc:subfield code="a">Gray, John,</marc:subfield><marc:subfield code="d">1962-</marc:subfield></marc:datafield><marc:datafield tag="245" ind1="1" ind2="0"><marc:subfield code="a">African music :</marc:subfield><marc:subfield code="b">a bibliographical guide to the traditional, popular, art, and liturgical musics of Sub-Saharan Africa /</marc:subfield><marc:subfield code="c">John Gray.</marc:subfield></marc:datafield><marc:datafield tag="260" ind1="0" ind2=" "><marc:subfield code="a">Westport, Conn. :</marc:subfield><marc:subfield code="b">Greenwood Press,</marc:subfield><marc:subfield code="c">1991.</marc:subfield></marc:datafield><marc:datafield tag="300" ind1=" " ind2=" "><marc:subfield code="a">xii, 499 p. ;</marc:subfield><marc:subfield code="c">24 cm.</marc:subfield></marc:datafield><marc:datafield tag="440" ind1=" " ind2="0"><marc:subfield code="a">African special bibliographic series,</marc:subfield><marc:subfield code="x">0749-2308 ;</marc:subfield><marc:subfield code="v">no. 14</marc:subfield></marc:datafield><marc:datafield tag="500" ind1=" " ind2=" "><marc:subfield code="a">Includes indexes.</marc:subfield></marc:datafield><marc:datafield tag="504" ind1=" " ind2=" "><marc:subfield code="a">&quot;Selected discography:&quot; p. [423]-434.</marc:subfield></marc:datafield><marc:datafield tag="650" ind1=" " ind2="0"><marc:subfield code="a">Music</marc:subfield><marc:subfield code="z">Africa, Sub-Saharan</marc:subfield><marc:subfield code="x">History and criticism</marc:subfield><marc:subfield code="v">Bibliography.</marc:subfield></marc:datafield><marc:datafield tag="035" ind1=" " ind2=" "><marc:subfield code="a">(TxDaGIAL)37741100003302</marc:subfield></marc:datafield><marc:controlfield tag="005">20080624154351.0</marc:controlfield><marc:controlfield tag="001">267</marc:controlfield><marc:controlfield tag="003">TxDaGIAL</marc:controlfield><marc:datafield tag="852" ind1=" " ind2=" "><marc:subfield code="p">37741100003302</marc:subfield><marc:subfield code="a">Library</marc:subfield><marc:subfield code="9">$55.00</marc:subfield><marc:subfield code="x">COPYID:302</marc:subfield><marc:subfield code="x">FSC@aRegular@c19950407</marc:subfield><marc:subfield code="h">016.780967 G779a 1991</marc:subfield><marc:subfield code="z">B/T 4-92</marc:subfield></marc:datafield></marc:record>