
<marc:record><marc:leader>01001nam a2200229Ii 4500</marc:leader>
<marc:controlfield tag="008">780117s1949    rh            000 0 eng d</marc:controlfield>
<marc:datafield tag="040" ind1=" " ind2=" "><marc:subfield code="a">DLM</marc:subfield><marc:subfield code="c">DLM</marc:subfield><marc:subfield code="d">m/c</marc:subfield><marc:subfield code="d">TxDaGIAL</marc:subfield></marc:datafield><marc:datafield tag="100" ind1="1" ind2=" "><marc:subfield code="a">Jones, A. M.</marc:subfield></marc:datafield><marc:datafield tag="245" ind1="1" ind2="0"><marc:subfield code="a">African music in Northern Rhodesia and some other places.</marc:subfield></marc:datafield><marc:datafield tag="260" ind1=" " ind2=" "><marc:subfield code="a">Livingstone, Northern Rhodesia :</marc:subfield><marc:subfield code="b">Rhodes-Livingstone Museum,</marc:subfield><marc:subfield code="c">1949.</marc:subfield></marc:datafield><marc:datafield tag="300" ind1=" " ind2=" "><marc:subfield code="a">78 p. :</marc:subfield><marc:subfield code="b">illus., music, fold. chart. ;</marc:subfield><marc:subfield code="c">22 cm.</marc:subfield></marc:datafield><marc:datafield tag="490" ind1="1" ind2=" "><marc:subfield code="a">The Occasional papers of the Rhodes-Livingstone Museum, new ser., no. 4.</marc:subfield></marc:datafield><marc:datafield tag="500" ind1=" " ind2=" "><marc:subfield code="a">Cover title.</marc:subfield></marc:datafield><marc:datafield tag="500" ind1=" " ind2=" "><marc:subfield code="a">&quot;Partly a reprint of the original Rhodes-Livingstone Museum Occasional paper no. II ... and partly reprinted from Essays which appeared in African studies.&quot;</marc:subfield></marc:datafield><marc:datafield tag="650" ind1=" " ind2="0"><marc:subfield code="a">Music</marc:subfield><marc:subfield code="y">To 500.</marc:subfield></marc:datafield><marc:datafield tag="650" ind1=" " ind2="0"><marc:subfield code="a">Music</marc:subfield><marc:subfield code="z">Africa.</marc:subfield></marc:datafield><marc:datafield tag="830" ind1=" " ind2="0"><marc:subfield code="a">Occasional papers (Rhodes-Livingstone Museum) ;</marc:subfield><marc:subfield code="v">no. 4.</marc:subfield></marc:datafield><marc:datafield tag="035" ind1=" " ind2=" "><marc:subfield code="a">(TxDaGIAL)37741100016983</marc:subfield></marc:datafield><marc:controlfield tag="005">20080624154351.0</marc:controlfield><marc:controlfield tag="001">268</marc:controlfield><marc:controlfield tag="003">TxDaGIAL</marc:controlfield><marc:datafield tag="852" ind1=" " ind2=" "><marc:subfield code="p">37741100016983</marc:subfield><marc:subfield code="a">Library</marc:subfield><marc:subfield code="x">COPYID:303</marc:subfield><marc:subfield code="x">FSC@aRegular@c19970422</marc:subfield><marc:subfield code="h">780.96 J76 1949</marc:subfield><marc:subfield code="z">10077</marc:subfield></marc:datafield></marc:record>