
<marc:record><marc:leader>01096cam a2200289 a 4500</marc:leader>
<marc:controlfield tag="008">851001c19861982nyua   j b    00110 eng  </marc:controlfield>
<marc:datafield tag="010" ind1=" " ind2=" "><marc:subfield code="a">   85022967 /AC/r88</marc:subfield></marc:datafield><marc:datafield tag="020" ind1=" " ind2=" "><marc:subfield code="a">0872260429</marc:subfield></marc:datafield><marc:datafield tag="040" ind1=" " ind2=" "><marc:subfield code="a">DLC</marc:subfield><marc:subfield code="c">DLC</marc:subfield><marc:subfield code="d">DLC</marc:subfield><marc:subfield code="d">TxDaGIAL</marc:subfield></marc:datafield><marc:datafield tag="043" ind1=" " ind2=" "><marc:subfield code="a">fb-----</marc:subfield></marc:datafield><marc:datafield tag="050" ind1="0" ind2=" "><marc:subfield code="a">BL2462.5</marc:subfield><marc:subfield code="b">.P37 1986</marc:subfield></marc:datafield><marc:datafield tag="082" ind1="0" ind2=" "><marc:subfield code="a">299/.62</marc:subfield><marc:subfield code="2">20</marc:subfield></marc:datafield><marc:datafield tag="100" ind1="1" ind2="0"><marc:subfield code="a">Parrinder, Edward Geoffrey.</marc:subfield></marc:datafield><marc:datafield tag="245" ind1="1" ind2="0"><marc:subfield code="a">African mythology /</marc:subfield><marc:subfield code="c">Geoffrey Parrinder.</marc:subfield></marc:datafield><marc:datafield tag="260" ind1="0" ind2=" "><marc:subfield code="a">New York :</marc:subfield><marc:subfield code="b">P. Bedrick,</marc:subfield><marc:subfield code="c">1991, c1967, 1982.</marc:subfield></marc:datafield><marc:datafield tag="300" ind1=" " ind2=" "><marc:subfield code="a">144 p. :</marc:subfield><marc:subfield code="b">ill. (some col.) ;</marc:subfield><marc:subfield code="c">29 cm.</marc:subfield></marc:datafield><marc:datafield tag="440" ind1=" " ind2="0"><marc:subfield code="a">Library of the world's myths and legends</marc:subfield></marc:datafield><marc:datafield tag="504" ind1=" " ind2=" "><marc:subfield code="a">Bibliography: p. 142.</marc:subfield></marc:datafield><marc:datafield tag="500" ind1=" " ind2=" "><marc:subfield code="a">Includes index.</marc:subfield></marc:datafield><marc:datafield tag="520" ind1=" " ind2=" "><marc:subfield code="a">Presents the mythology of sub-Saharan Africa, including beliefs on creation, birth, death, and oracles, with texts of some legends and animal fables.</marc:subfield></marc:datafield><marc:datafield tag="650" ind1=" " ind2="0"><marc:subfield code="a">Mythology, Sub-Saharan African.</marc:subfield></marc:datafield><marc:datafield tag="650" ind1=" " ind2="1"><marc:subfield code="a">Mythology, Sub-Saharan African.</marc:subfield></marc:datafield><marc:datafield tag="035" ind1=" " ind2=" "><marc:subfield code="a">(TxDaGIAL)37741100000947</marc:subfield></marc:datafield><marc:controlfield tag="005">20080624154351.0</marc:controlfield><marc:controlfield tag="001">269</marc:controlfield><marc:controlfield tag="003">TxDaGIAL</marc:controlfield><marc:datafield tag="852" ind1=" " ind2=" "><marc:subfield code="p">37741100000947</marc:subfield><marc:subfield code="a">Library</marc:subfield><marc:subfield code="9">$22.50</marc:subfield><marc:subfield code="x">COPYID:304</marc:subfield><marc:subfield code="x">FSC@aRegular@c19950106</marc:subfield><marc:subfield code="h">299.62 P261a 1991</marc:subfield><marc:subfield code="z">B/T 9-25-91</marc:subfield></marc:datafield></marc:record>