
<marc:record><marc:leader>01304pam a2200301 a 4500</marc:leader>
<marc:controlfield tag="008">910816s1991    enka     b    00010 eng  </marc:controlfield>
<marc:datafield tag="010" ind1=" " ind2=" "><marc:subfield code="a">   90046665 /MN</marc:subfield></marc:datafield><marc:datafield tag="020" ind1=" " ind2=" "><marc:subfield code="a">052124160X :</marc:subfield><marc:subfield code="c">$155.00</marc:subfield></marc:datafield><marc:datafield tag="040" ind1=" " ind2=" "><marc:subfield code="a">DLC</marc:subfield><marc:subfield code="c">DLC</marc:subfield><marc:subfield code="d">DLC</marc:subfield></marc:datafield><marc:datafield tag="041" ind1="1" ind2=" "><marc:subfield code="a">eng</marc:subfield><marc:subfield code="h">fre</marc:subfield></marc:datafield><marc:datafield tag="050" ind1="0" ind2="0"><marc:subfield code="a">ML350</marc:subfield><marc:subfield code="b">.A7613 1991</marc:subfield></marc:datafield><marc:datafield tag="069" ind1=" " ind2=" "><marc:subfield code="a">09139515</marc:subfield></marc:datafield><marc:datafield tag="082" ind1="0" ind2="0"><marc:subfield code="a">781.2/84/0967</marc:subfield><marc:subfield code="2">20</marc:subfield></marc:datafield><marc:datafield tag="100" ind1="1" ind2="0"><marc:subfield code="a">Arom, Simha.</marc:subfield></marc:datafield><marc:datafield tag="240" ind1="1" ind2="0"><marc:subfield code="a">Polyphonies et polyrythmies instrumentales d'Afrique centrale.</marc:subfield><marc:subfield code="l">English.</marc:subfield></marc:datafield><marc:datafield tag="245" ind1="1" ind2="0"><marc:subfield code="a">African polyphony and polyrhythm :</marc:subfield><marc:subfield code="b">musical structure and methodology /</marc:subfield><marc:subfield code="c">Simha Arom ; translated from French by Martin Thom, Barbara Tuckett, and Raymond Boyd.</marc:subfield></marc:datafield><marc:datafield tag="260" ind1="0" ind2=" "><marc:subfield code="a">Cambridge ;</marc:subfield><marc:subfield code="a">New York :</marc:subfield><marc:subfield code="b">Cambridge University Press ;</marc:subfield><marc:subfield code="a">Paris :</marc:subfield><marc:subfield code="b">Editions de la maison des sciences de l'homme,</marc:subfield><marc:subfield code="c">1991.</marc:subfield></marc:datafield><marc:datafield tag="300" ind1=" " ind2=" "><marc:subfield code="a">xxviii, 668 p. :</marc:subfield><marc:subfield code="b">ill., map ;</marc:subfield><marc:subfield code="c">26 cm.</marc:subfield></marc:datafield><marc:datafield tag="500" ind1=" " ind2=" "><marc:subfield code="a">Translation of: Polyphonies et polyrythmies instrumentales d'Afrique centrale.</marc:subfield></marc:datafield><marc:datafield tag="504" ind1=" " ind2=" "><marc:subfield code="a">Includes bibliographical references (p. 660-668).</marc:subfield></marc:datafield><marc:datafield tag="650" ind1=" " ind2="0"><marc:subfield code="a">Music</marc:subfield><marc:subfield code="z">Africa, Central</marc:subfield><marc:subfield code="x">History and criticism.</marc:subfield></marc:datafield><marc:datafield tag="650" ind1=" " ind2="0"><marc:subfield code="a">Counterpoint.</marc:subfield></marc:datafield><marc:datafield tag="650" ind1=" " ind2="0"><marc:subfield code="a">Musical meter and rhythm.</marc:subfield></marc:datafield><marc:datafield tag="035" ind1=" " ind2=" "><marc:subfield code="a">(TxDaGIAL)37741100010335</marc:subfield></marc:datafield><marc:controlfield tag="005">20080624154351.0</marc:controlfield><marc:controlfield tag="001">272</marc:controlfield><marc:controlfield tag="003">TxDaGIAL</marc:controlfield><marc:datafield tag="852" ind1=" " ind2=" "><marc:subfield code="p">37741100010335</marc:subfield><marc:subfield code="a">Library</marc:subfield><marc:subfield code="9">$134.85</marc:subfield><marc:subfield code="x">COPYID:307</marc:subfield><marc:subfield code="x">FSC@aRegular@c19960110</marc:subfield><marc:subfield code="h">781.2840967 S589p.E 1991</marc:subfield><marc:subfield code="z">B/T 2-96</marc:subfield></marc:datafield></marc:record>