
<marc:record><marc:leader>00899pam a2200277 a 4500</marc:leader>
<marc:controlfield tag="008">870512s1987    enk      b    00110 eng  </marc:controlfield>
<marc:datafield tag="010" ind1=" " ind2=" "><marc:subfield code="a">   87014622</marc:subfield></marc:datafield><marc:datafield tag="020" ind1=" " ind2=" "><marc:subfield code="a">0521344158</marc:subfield></marc:datafield><marc:datafield tag="020" ind1=" " ind2=" "><marc:subfield code="a">0521348773 (pbk.)</marc:subfield></marc:datafield><marc:datafield tag="040" ind1=" " ind2=" "><marc:subfield code="a">DLC</marc:subfield><marc:subfield code="c">DLC</marc:subfield><marc:subfield code="d">TxDaGIAL</marc:subfield></marc:datafield><marc:datafield tag="043" ind1=" " ind2=" "><marc:subfield code="a">f------</marc:subfield></marc:datafield><marc:datafield tag="050" ind1="0" ind2=" "><marc:subfield code="a">HC800.Z9</marc:subfield><marc:subfield code="b">P625 1987</marc:subfield></marc:datafield><marc:datafield tag="082" ind1="0" ind2=" "><marc:subfield code="a">305.5/62/096</marc:subfield><marc:subfield code="2">19</marc:subfield></marc:datafield><marc:datafield tag="100" ind1="1" ind2="0"><marc:subfield code="a">Iliffe, John.</marc:subfield></marc:datafield><marc:datafield tag="245" ind1="1" ind2="4"><marc:subfield code="a">The African poor :</marc:subfield><marc:subfield code="b">a history /</marc:subfield><marc:subfield code="c">John Iliffe.</marc:subfield></marc:datafield><marc:datafield tag="260" ind1="0" ind2=" "><marc:subfield code="a">Cambridge [Cambridgeshire] ;</marc:subfield><marc:subfield code="a">New York :</marc:subfield><marc:subfield code="b">Cambridge University Press,</marc:subfield><marc:subfield code="c">1987.</marc:subfield></marc:datafield><marc:datafield tag="300" ind1=" " ind2=" "><marc:subfield code="a">ix, 387 p. ;</marc:subfield><marc:subfield code="c">24 cm.</marc:subfield></marc:datafield><marc:datafield tag="440" ind1=" " ind2="0"><marc:subfield code="a">African studies series ;</marc:subfield><marc:subfield code="v">58</marc:subfield></marc:datafield><marc:datafield tag="504" ind1=" " ind2=" "><marc:subfield code="a">Bibliography: p. 356-375.</marc:subfield></marc:datafield><marc:datafield tag="500" ind1=" " ind2=" "><marc:subfield code="a">Includes index.</marc:subfield></marc:datafield><marc:datafield tag="650" ind1=" " ind2="0"><marc:subfield code="a">Poor</marc:subfield><marc:subfield code="z">Africa</marc:subfield><marc:subfield code="x">History.</marc:subfield></marc:datafield><marc:datafield tag="035" ind1=" " ind2=" "><marc:subfield code="a">(TxDaGIAL)37741100008035</marc:subfield></marc:datafield><marc:controlfield tag="005">20080624154352.0</marc:controlfield><marc:controlfield tag="001">273</marc:controlfield><marc:controlfield tag="003">TxDaGIAL</marc:controlfield><marc:datafield tag="852" ind1=" " ind2=" "><marc:subfield code="p">37741100008035</marc:subfield><marc:subfield code="a">Library</marc:subfield><marc:subfield code="9">$15.95</marc:subfield><marc:subfield code="x">COPYID:308</marc:subfield><marc:subfield code="x">FSC@aRegular@c19950914</marc:subfield><marc:subfield code="h">305.562096 I28 1987</marc:subfield><marc:subfield code="z">B/T 11-90</marc:subfield></marc:datafield></marc:record>