
<marc:record><marc:leader>00965cam a2200289 a 4500</marc:leader>
<marc:controlfield tag="008">850128s1986    flua     b    00100 eng  </marc:controlfield>
<marc:datafield tag="010" ind1=" " ind2=" "><marc:subfield code="a">   85001371 //r902</marc:subfield></marc:datafield><marc:datafield tag="020" ind1=" " ind2=" "><marc:subfield code="a">0121644804 (alk. paper)</marc:subfield></marc:datafield><marc:datafield tag="020" ind1=" " ind2=" "><marc:subfield code="a">0121644812 (pbk. : alk. paper)</marc:subfield></marc:datafield><marc:datafield tag="040" ind1=" " ind2=" "><marc:subfield code="a">DLC</marc:subfield><marc:subfield code="c">DLC</marc:subfield><marc:subfield code="d">DLC</marc:subfield><marc:subfield code="d">TxDaGIAL</marc:subfield></marc:datafield><marc:datafield tag="043" ind1=" " ind2=" "><marc:subfield code="a">f------</marc:subfield></marc:datafield><marc:datafield tag="050" ind1="0" ind2="0"><marc:subfield code="a">DT16.P8</marc:subfield><marc:subfield code="b">A37 1986</marc:subfield></marc:datafield><marc:datafield tag="082" ind1="0" ind2="0"><marc:subfield code="a">572/.896</marc:subfield><marc:subfield code="2">19</marc:subfield></marc:datafield><marc:datafield tag="245" ind1="0" ind2="0"><marc:subfield code="a">African pygmies /</marc:subfield><marc:subfield code="c">edited by Luigi Luca Cavalli-Sforza.</marc:subfield></marc:datafield><marc:datafield tag="260" ind1="0" ind2=" "><marc:subfield code="a">Orlando :</marc:subfield><marc:subfield code="b">Academic Press,</marc:subfield><marc:subfield code="c">1986.</marc:subfield></marc:datafield><marc:datafield tag="300" ind1=" " ind2=" "><marc:subfield code="a">xxxiv, 461 p. :</marc:subfield><marc:subfield code="b">ill., maps, ports. ;</marc:subfield><marc:subfield code="c">24 cm.</marc:subfield></marc:datafield><marc:datafield tag="504" ind1=" " ind2=" "><marc:subfield code="a">Bibliography: p. 427-453.</marc:subfield></marc:datafield><marc:datafield tag="500" ind1=" " ind2=" "><marc:subfield code="a">Includes index.</marc:subfield></marc:datafield><marc:datafield tag="650" ind1=" " ind2="0"><marc:subfield code="a">Pygmies.</marc:subfield></marc:datafield><marc:datafield tag="650" ind1=" " ind2="0"><marc:subfield code="a">Pygmies</marc:subfield><marc:subfield code="x">Anthropometry.</marc:subfield></marc:datafield><marc:datafield tag="650" ind1=" " ind2="0"><marc:subfield code="a">Ethnology</marc:subfield><marc:subfield code="z">Africa, Central.</marc:subfield></marc:datafield><marc:datafield tag="700" ind1="1" ind2="0"><marc:subfield code="a">Cavalli-Sforza, L. L.</marc:subfield><marc:subfield code="q">(Luigi Luca),</marc:subfield><marc:subfield code="d">1922-</marc:subfield></marc:datafield><marc:datafield tag="035" ind1=" " ind2=" "><marc:subfield code="a">(TxDaGIAL)37741100009261</marc:subfield></marc:datafield><marc:controlfield tag="005">20080624154352.0</marc:controlfield><marc:controlfield tag="001">274</marc:controlfield><marc:controlfield tag="003">TxDaGIAL</marc:controlfield><marc:datafield tag="852" ind1=" " ind2=" "><marc:subfield code="p">37741100009261</marc:subfield><marc:subfield code="a">Library</marc:subfield><marc:subfield code="x">COPYID:309</marc:subfield><marc:subfield code="x">FSC@aRegular@c19951101</marc:subfield><marc:subfield code="h">572.896 A258a 1986</marc:subfield><marc:subfield code="z">13225</marc:subfield></marc:datafield></marc:record>