
<marc:record><marc:leader>00972pam a2200265 a 4500</marc:leader>
<marc:controlfield tag="008">940510s1994    cou      b    001 0 eng  </marc:controlfield>
<marc:datafield tag="010" ind1=" " ind2=" "><marc:subfield code="a">   93047501</marc:subfield></marc:datafield><marc:datafield tag="020" ind1=" " ind2=" "><marc:subfield code="a">0813384605 (text) :</marc:subfield><marc:subfield code="c">$52.50</marc:subfield></marc:datafield><marc:datafield tag="040" ind1=" " ind2=" "><marc:subfield code="a">DLC</marc:subfield><marc:subfield code="c">DLC</marc:subfield><marc:subfield code="d">DLC</marc:subfield></marc:datafield><marc:datafield tag="043" ind1=" " ind2=" "><marc:subfield code="a">f------</marc:subfield></marc:datafield><marc:datafield tag="050" ind1="0" ind2="0"><marc:subfield code="a">HV640.4.A35</marc:subfield><marc:subfield code="b">A36 1994</marc:subfield></marc:datafield><marc:datafield tag="082" ind1="0" ind2="0"><marc:subfield code="a">362.87/096</marc:subfield><marc:subfield code="2">20</marc:subfield></marc:datafield><marc:datafield tag="245" ind1="0" ind2="0"><marc:subfield code="a">African refugees :</marc:subfield><marc:subfield code="b">development aid and repatriation /</marc:subfield><marc:subfield code="c">edited by Howard Adelman and John Sorenson.</marc:subfield></marc:datafield><marc:datafield tag="260" ind1=" " ind2=" "><marc:subfield code="a">Boulder :</marc:subfield><marc:subfield code="b">Westview Press ;</marc:subfield><marc:subfield code="a">North York :</marc:subfield><marc:subfield code="b">York Lanes Press,</marc:subfield><marc:subfield code="c">1994.</marc:subfield></marc:datafield><marc:datafield tag="300" ind1=" " ind2=" "><marc:subfield code="a">xix, 264 p. ;</marc:subfield><marc:subfield code="c">23 cm.</marc:subfield></marc:datafield><marc:datafield tag="440" ind1=" " ind2="0"><marc:subfield code="a">African modernization and development series</marc:subfield></marc:datafield><marc:datafield tag="504" ind1=" " ind2=" "><marc:subfield code="a">Includes bibliographical references and index.</marc:subfield></marc:datafield><marc:datafield tag="650" ind1=" " ind2="0"><marc:subfield code="a">Refugees</marc:subfield><marc:subfield code="z">Africa.</marc:subfield></marc:datafield><marc:datafield tag="700" ind1="1" ind2="0"><marc:subfield code="a">Adelman, Howard,</marc:subfield><marc:subfield code="d">1938-</marc:subfield></marc:datafield><marc:datafield tag="700" ind1="1" ind2="0"><marc:subfield code="a">Sorenson, John,</marc:subfield><marc:subfield code="d">1952-</marc:subfield></marc:datafield><marc:datafield tag="035" ind1=" " ind2=" "><marc:subfield code="a">(TxDaGIAL)37741100004660</marc:subfield></marc:datafield><marc:controlfield tag="005">20080624154352.0</marc:controlfield><marc:controlfield tag="001">275</marc:controlfield><marc:controlfield tag="003">TxDaGIAL</marc:controlfield><marc:datafield tag="852" ind1=" " ind2=" "><marc:subfield code="p">37741100004660</marc:subfield><marc:subfield code="a">Library</marc:subfield><marc:subfield code="9">$45.68</marc:subfield><marc:subfield code="x">COPYID:310</marc:subfield><marc:subfield code="x">FSC@aRegular@c19950602</marc:subfield><marc:subfield code="h">362.87096 A258a 1994</marc:subfield><marc:subfield code="z">B/T 5-95</marc:subfield></marc:datafield></marc:record>