
<marc:record><marc:leader>00883pam a2200265 a 4500</marc:leader>
<marc:controlfield tag="008">891106s1990    enk      b    00110 eng  </marc:controlfield>
<marc:datafield tag="020" ind1=" " ind2=" "><marc:subfield code="a">0385037139</marc:subfield></marc:datafield><marc:datafield tag="040" ind1=" " ind2=" "><marc:subfield code="a">PLF</marc:subfield><marc:subfield code="c">PLF</marc:subfield><marc:subfield code="d">CUY</marc:subfield><marc:subfield code="d">TxDaGIAL</marc:subfield></marc:datafield><marc:datafield tag="043" ind1=" " ind2=" "><marc:subfield code="a">fb-----</marc:subfield></marc:datafield><marc:datafield tag="050" ind1="0" ind2="0"><marc:subfield code="a">BL2462.5</marc:subfield><marc:subfield code="b">.M36 1990</marc:subfield></marc:datafield><marc:datafield tag="082" ind1="0" ind2="0"><marc:subfield code="a">299/.6</marc:subfield><marc:subfield code="2">20</marc:subfield></marc:datafield><marc:datafield tag="100" ind1="1" ind2="0"><marc:subfield code="a">Mbiti, John S.</marc:subfield></marc:datafield><marc:datafield tag="245" ind1="1" ind2="0"><marc:subfield code="a">African religions &amp; philosophy /</marc:subfield><marc:subfield code="c">John S. Mbiti.</marc:subfield></marc:datafield><marc:datafield tag="250" ind1=" " ind2=" "><marc:subfield code="a">Anchor Books.</marc:subfield></marc:datafield><marc:datafield tag="260" ind1="0" ind2=" "><marc:subfield code="a">Garden City, N.Y. :</marc:subfield><marc:subfield code="b">Doubleday &amp; Co.,</marc:subfield><marc:subfield code="c">1970, c1969.</marc:subfield></marc:datafield><marc:datafield tag="300" ind1=" " ind2=" "><marc:subfield code="a">xvi, 384 p. ;</marc:subfield><marc:subfield code="c">18 cm.</marc:subfield></marc:datafield><marc:datafield tag="504" ind1=" " ind2=" "><marc:subfield code="a">Includes bibliographical references (p. 364-371 ) and index.</marc:subfield></marc:datafield><marc:datafield tag="651" ind1=" " ind2="0"><marc:subfield code="a">Africa, Sub-Saharan</marc:subfield><marc:subfield code="x">Religion.</marc:subfield></marc:datafield><marc:datafield tag="650" ind1=" " ind2="0"><marc:subfield code="a">Philosophy, African.</marc:subfield></marc:datafield><marc:datafield tag="740" ind1="0" ind2="1"><marc:subfield code="a">African religions and philosophy.</marc:subfield></marc:datafield><marc:datafield tag="035" ind1=" " ind2=" "><marc:subfield code="a">(TxDaGIAL)37741100000969</marc:subfield></marc:datafield><marc:controlfield tag="005">20080624154353.0</marc:controlfield><marc:controlfield tag="001">276</marc:controlfield><marc:controlfield tag="003">TxDaGIAL</marc:controlfield><marc:datafield tag="852" ind1=" " ind2=" "><marc:subfield code="p">37741100000969</marc:subfield><marc:subfield code="a">Library</marc:subfield><marc:subfield code="x">COPYID:311</marc:subfield><marc:subfield code="x">FSC@aRegular@c19950106</marc:subfield><marc:subfield code="h">299.6 M478a 1970</marc:subfield><marc:subfield code="z">5905</marc:subfield></marc:datafield></marc:record>