
<marc:record><marc:leader>00923pam a2200277 a 4500</marc:leader>
<marc:controlfield tag="008">891106s1990    enk      b    00110 eng  </marc:controlfield>
<marc:datafield tag="010" ind1=" " ind2=" "><marc:subfield code="a">   89048596</marc:subfield></marc:datafield><marc:datafield tag="020" ind1=" " ind2=" "><marc:subfield code="a">0435895915</marc:subfield></marc:datafield><marc:datafield tag="040" ind1=" " ind2=" "><marc:subfield code="a">DLC</marc:subfield><marc:subfield code="c">DLC</marc:subfield><marc:subfield code="d">DLC</marc:subfield></marc:datafield><marc:datafield tag="043" ind1=" " ind2=" "><marc:subfield code="a">fb-----</marc:subfield></marc:datafield><marc:datafield tag="050" ind1="0" ind2="0"><marc:subfield code="a">BL2462.5</marc:subfield><marc:subfield code="b">.M36 1990</marc:subfield></marc:datafield><marc:datafield tag="082" ind1="0" ind2="0"><marc:subfield code="a">299/.6</marc:subfield><marc:subfield code="2">20</marc:subfield></marc:datafield><marc:datafield tag="100" ind1="1" ind2="0"><marc:subfield code="a">Mbiti, John S.</marc:subfield></marc:datafield><marc:datafield tag="245" ind1="1" ind2="0"><marc:subfield code="a">African religions &amp; philosophy /</marc:subfield><marc:subfield code="c">John S. Mbiti.</marc:subfield></marc:datafield><marc:datafield tag="250" ind1=" " ind2=" "><marc:subfield code="a">2nd rev. and enl. ed.</marc:subfield></marc:datafield><marc:datafield tag="260" ind1="0" ind2=" "><marc:subfield code="a">Oxford ;</marc:subfield><marc:subfield code="a">Portsmouth, N.H. :</marc:subfield><marc:subfield code="b">Heinemann,</marc:subfield><marc:subfield code="c">1990.</marc:subfield></marc:datafield><marc:datafield tag="300" ind1=" " ind2=" "><marc:subfield code="a">xiv, 288 p. :</marc:subfield><marc:subfield code="b">map ;</marc:subfield><marc:subfield code="c">22 cm.</marc:subfield></marc:datafield><marc:datafield tag="504" ind1=" " ind2=" "><marc:subfield code="a">Includes bibliographical references (p. 272-278) and index.</marc:subfield></marc:datafield><marc:datafield tag="651" ind1=" " ind2="0"><marc:subfield code="a">Africa, Sub-Saharan</marc:subfield><marc:subfield code="x">Religion.</marc:subfield></marc:datafield><marc:datafield tag="650" ind1=" " ind2="0"><marc:subfield code="a">Philosophy, African.</marc:subfield></marc:datafield><marc:datafield tag="740" ind1="0" ind2="1"><marc:subfield code="a">African religions and philosophy.</marc:subfield></marc:datafield><marc:datafield tag="035" ind1=" " ind2=" "><marc:subfield code="a">(TxDaGIAL)37741100006974</marc:subfield></marc:datafield><marc:controlfield tag="005">20080624154353.0</marc:controlfield><marc:controlfield tag="001">277</marc:controlfield><marc:controlfield tag="003">TxDaGIAL</marc:controlfield><marc:datafield tag="852" ind1=" " ind2=" "><marc:subfield code="p">37741100006974</marc:subfield><marc:subfield code="a">Library</marc:subfield><marc:subfield code="9">$20.00</marc:subfield><marc:subfield code="x">COPYID:312</marc:subfield><marc:subfield code="x">FSC@aRegular@c19950817</marc:subfield><marc:subfield code="h">299.6 M478a 1990</marc:subfield><marc:subfield code="z">B/T 5-93</marc:subfield></marc:datafield></marc:record>