
<marc:record><marc:leader>01200cam a2200301 a 4500</marc:leader>
<marc:controlfield tag="008">790108t19811979iluaf    b    00110 eng  </marc:controlfield>
<marc:datafield tag="010" ind1=" " ind2=" "><marc:subfield code="a">   79000189 /MN/r842</marc:subfield></marc:datafield><marc:datafield tag="020" ind1=" " ind2=" "><marc:subfield code="a">0226103447 (cloth) :</marc:subfield><marc:subfield code="c">$20.00</marc:subfield></marc:datafield><marc:datafield tag="020" ind1=" " ind2=" "><marc:subfield code="a">0226103455 (paper)</marc:subfield></marc:datafield><marc:datafield tag="040" ind1=" " ind2=" "><marc:subfield code="a">DLC</marc:subfield><marc:subfield code="c">DLC</marc:subfield><marc:subfield code="d">TxDaGIAL</marc:subfield><marc:subfield code="d">TxDaGIAL</marc:subfield></marc:datafield><marc:datafield tag="043" ind1=" " ind2=" "><marc:subfield code="a">f------</marc:subfield></marc:datafield><marc:datafield tag="050" ind1="0" ind2=" "><marc:subfield code="a">ML3760</marc:subfield><marc:subfield code="b">.C48</marc:subfield></marc:datafield><marc:datafield tag="082" ind1=" " ind2=" "><marc:subfield code="a">780/.96</marc:subfield></marc:datafield><marc:datafield tag="100" ind1="1" ind2="0"><marc:subfield code="a">Chernoff, John Miller.</marc:subfield></marc:datafield><marc:datafield tag="245" ind1="1" ind2="0"><marc:subfield code="a">African rhythm and African sensibility :</marc:subfield><marc:subfield code="b">aesthetics and social action in African musical idioms /</marc:subfield><marc:subfield code="c">John Miller Chernoff.</marc:subfield></marc:datafield><marc:datafield tag="250" ind1=" " ind2=" "><marc:subfield code="a">Phoenix edition.</marc:subfield></marc:datafield><marc:datafield tag="260" ind1="0" ind2=" "><marc:subfield code="a">Chicago :</marc:subfield><marc:subfield code="b">University of Chicago Press,</marc:subfield><marc:subfield code="c">1981, c1979.</marc:subfield></marc:datafield><marc:datafield tag="300" ind1=" " ind2=" "><marc:subfield code="a">xv, 261 p., [10] leaves of plates :</marc:subfield><marc:subfield code="b">ill. ;</marc:subfield><marc:subfield code="c">24 cm. +</marc:subfield><marc:subfield code="e">1 sound cassette (analog)</marc:subfield></marc:datafield><marc:datafield tag="504" ind1=" " ind2=" "><marc:subfield code="a">Bibliography: p. 223-247.</marc:subfield></marc:datafield><marc:datafield tag="500" ind1=" " ind2=" "><marc:subfield code="a">Includes index.</marc:subfield></marc:datafield><marc:datafield tag="650" ind1=" " ind2="0"><marc:subfield code="a">Music</marc:subfield><marc:subfield code="z">Africa</marc:subfield><marc:subfield code="x">History and criticism.</marc:subfield></marc:datafield><marc:datafield tag="650" ind1=" " ind2="0"><marc:subfield code="a">Aesthetics, African.</marc:subfield></marc:datafield><marc:datafield tag="035" ind1=" " ind2=" "><marc:subfield code="a">(TxDaGIAL)37741100007896</marc:subfield></marc:datafield><marc:controlfield tag="005">20080624154353.0</marc:controlfield><marc:controlfield tag="001">279</marc:controlfield><marc:controlfield tag="003">TxDaGIAL</marc:controlfield><marc:datafield tag="852" ind1=" " ind2=" "><marc:subfield code="p">37741100007896</marc:subfield><marc:subfield code="a">Library</marc:subfield><marc:subfield code="9">$12.95</marc:subfield><marc:subfield code="x">COPYID:315</marc:subfield><marc:subfield code="x">FSC@aRegular@c19980825</marc:subfield><marc:subfield code="h">780.96 C521a 1981</marc:subfield><marc:subfield code="z">B/T 12-90</marc:subfield></marc:datafield><marc:datafield tag="852" ind1=" " ind2=" "><marc:subfield code="p">37741100007897</marc:subfield><marc:subfield code="a">Library</marc:subfield><marc:subfield code="9">$12.95</marc:subfield><marc:subfield code="x">COPYID:316</marc:subfield><marc:subfield code="x">FSC@aRegular@c19980825</marc:subfield><marc:subfield code="h">780.96 C521a 1981 tape</marc:subfield><marc:subfield code="z">B/T 12-90</marc:subfield></marc:datafield></marc:record>