
<marc:record><marc:leader>00988pam a2200265 a 4500</marc:leader>
<marc:controlfield tag="008">881018s1989    ncu      bd   00110deng  </marc:controlfield>
<marc:datafield tag="010" ind1=" " ind2=" "><marc:subfield code="a">   88007945</marc:subfield></marc:datafield><marc:datafield tag="020" ind1=" " ind2=" "><marc:subfield code="a">089950390X (lib. bdg.) :</marc:subfield><marc:subfield code="c">$45.00</marc:subfield></marc:datafield><marc:datafield tag="040" ind1=" " ind2=" "><marc:subfield code="a">DLC</marc:subfield><marc:subfield code="c">DLC</marc:subfield><marc:subfield code="d">TxDaGIAL</marc:subfield></marc:datafield><marc:datafield tag="043" ind1=" " ind2=" "><marc:subfield code="a">f------</marc:subfield></marc:datafield><marc:datafield tag="050" ind1="0" ind2=" "><marc:subfield code="a">DT31</marc:subfield><marc:subfield code="b">.S786 1989</marc:subfield></marc:datafield><marc:datafield tag="082" ind1="0" ind2=" "><marc:subfield code="a">960/.03</marc:subfield><marc:subfield code="2">19</marc:subfield></marc:datafield><marc:datafield tag="100" ind1="1" ind2="0"><marc:subfield code="a">Stewart, John,</marc:subfield><marc:subfield code="d">1952-</marc:subfield></marc:datafield><marc:datafield tag="245" ind1="1" ind2="0"><marc:subfield code="a">African states and rulers :</marc:subfield><marc:subfield code="b">an encyclopedia of native, colonial, and independent states and rulers past and present /</marc:subfield><marc:subfield code="c">by John Stewart.</marc:subfield></marc:datafield><marc:datafield tag="260" ind1="0" ind2=" "><marc:subfield code="a">Jefferson, N.C. :</marc:subfield><marc:subfield code="b">McFarland,</marc:subfield><marc:subfield code="c">c1989.</marc:subfield></marc:datafield><marc:datafield tag="300" ind1=" " ind2=" "><marc:subfield code="a">xx, 395 p. ;</marc:subfield><marc:subfield code="c">24 cm.</marc:subfield></marc:datafield><marc:datafield tag="504" ind1=" " ind2=" "><marc:subfield code="a">Bibliography: p. 303-305.</marc:subfield></marc:datafield><marc:datafield tag="500" ind1=" " ind2=" "><marc:subfield code="a">Includes index.</marc:subfield></marc:datafield><marc:datafield tag="651" ind1=" " ind2="0"><marc:subfield code="a">Africa</marc:subfield><marc:subfield code="x">Politics and government</marc:subfield><marc:subfield code="v">Dictionaries.</marc:subfield></marc:datafield><marc:datafield tag="651" ind1=" " ind2="0"><marc:subfield code="a">Africa</marc:subfield><marc:subfield code="x">Kings and rulers</marc:subfield><marc:subfield code="v">Biography</marc:subfield><marc:subfield code="v">Dictionaries.</marc:subfield></marc:datafield><marc:datafield tag="035" ind1=" " ind2=" "><marc:subfield code="a">(TxDaGIAL)37741200000092</marc:subfield></marc:datafield><marc:controlfield tag="005">20080624154354.0</marc:controlfield><marc:controlfield tag="001">281</marc:controlfield><marc:controlfield tag="003">TxDaGIAL</marc:controlfield><marc:datafield tag="852" ind1=" " ind2=" "><marc:subfield code="p">37741200000092</marc:subfield><marc:subfield code="a">Library</marc:subfield><marc:subfield code="9">$45.00</marc:subfield><marc:subfield code="x">COPYID:318</marc:subfield><marc:subfield code="x">FSC@aReference@c19951018</marc:subfield><marc:subfield code="h">REF 960.03 S849 1989</marc:subfield><marc:subfield code="z">B/T 10-90</marc:subfield></marc:datafield></marc:record>