
<marc:record><marc:leader>01045nam a2200253 a 4500</marc:leader>
<marc:controlfield tag="008">831207s1977    maua     b   s00000 eng d</marc:controlfield>
<marc:datafield tag="040" ind1=" " ind2=" "><marc:subfield code="d">TxDaGIAL</marc:subfield></marc:datafield><marc:datafield tag="043" ind1=" " ind2=" "><marc:subfield code="a">f------</marc:subfield><marc:subfield code="a">n-us---</marc:subfield></marc:datafield><marc:datafield tag="050" ind1="0" ind2="4"><marc:subfield code="a">DT19.9.U5</marc:subfield><marc:subfield code="b">A644 1971</marc:subfield></marc:datafield><marc:datafield tag="082" ind1="0" ind2=" "><marc:subfield code="a">960/.07/1273</marc:subfield><marc:subfield code="2">19</marc:subfield></marc:datafield><marc:datafield tag="245" ind1="0" ind2="0"><marc:subfield code="a">African studies handbook for elementary and secondary school teachers.</marc:subfield></marc:datafield><marc:datafield tag="250" ind1=" " ind2=" "><marc:subfield code="a">2nd ed.</marc:subfield></marc:datafield><marc:datafield tag="260" ind1="0" ind2=" "><marc:subfield code="a">[Amherst] :</marc:subfield><marc:subfield code="b">Center for International Education, School of Education, University of Massachusetts,</marc:subfield><marc:subfield code="c">1971.</marc:subfield></marc:datafield><marc:datafield tag="300" ind1=" " ind2=" "><marc:subfield code="a">188 p. :</marc:subfield><marc:subfield code="b">ill. ;</marc:subfield><marc:subfield code="c">22 x 28 cm.</marc:subfield></marc:datafield><marc:datafield tag="504" ind1=" " ind2=" "><marc:subfield code="a">Includes bibliographies.</marc:subfield></marc:datafield><marc:datafield tag="546" ind1=" " ind2=" "><marc:subfield code="a">English.</marc:subfield></marc:datafield><marc:datafield tag="651" ind1=" " ind2="0"><marc:subfield code="a">Africa</marc:subfield><marc:subfield code="x">Study and teaching (Elementary)</marc:subfield><marc:subfield code="z">United States</marc:subfield><marc:subfield code="v">Handbooks, manuals, etc.</marc:subfield></marc:datafield><marc:datafield tag="651" ind1=" " ind2="0"><marc:subfield code="a">Africa</marc:subfield><marc:subfield code="x">Study and teaching (Secondary)</marc:subfield><marc:subfield code="z">United States</marc:subfield><marc:subfield code="v">Handbooks, manuals, etc.</marc:subfield></marc:datafield><marc:datafield tag="710" ind1="2" ind2="0"><marc:subfield code="a">University of Massachusetts at Amherst.</marc:subfield><marc:subfield code="b">Center for International Education.</marc:subfield></marc:datafield><marc:datafield tag="035" ind1=" " ind2=" "><marc:subfield code="a">(TxDaGIAL)37741100019964</marc:subfield></marc:datafield><marc:controlfield tag="005">20080624154354.0</marc:controlfield><marc:controlfield tag="001">283</marc:controlfield><marc:controlfield tag="003">TxDaGIAL</marc:controlfield><marc:datafield tag="852" ind1=" " ind2=" "><marc:subfield code="p">37741100019964</marc:subfield><marc:subfield code="a">Library</marc:subfield><marc:subfield code="x">COPYID:320</marc:subfield><marc:subfield code="x">FSC@aRegular@c19970819</marc:subfield><marc:subfield code="h">372.89 A258 1977</marc:subfield><marc:subfield code="z">6044</marc:subfield></marc:datafield></marc:record>