
<marc:record><marc:leader>01196cam a2200289 a 4500</marc:leader>
<marc:controlfield tag="008">870605s1987    enka     b    00100 eng  </marc:controlfield>
<marc:datafield tag="010" ind1=" " ind2=" "><marc:subfield code="a">   87146735</marc:subfield></marc:datafield><marc:datafield tag="020" ind1=" " ind2=" "><marc:subfield code="a">0710302347 (pbk.)</marc:subfield></marc:datafield><marc:datafield tag="040" ind1=" " ind2=" "><marc:subfield code="a">DLC</marc:subfield><marc:subfield code="c">DLC</marc:subfield><marc:subfield code="d">DLC</marc:subfield></marc:datafield><marc:datafield tag="043" ind1=" " ind2=" "><marc:subfield code="a">f------</marc:subfield></marc:datafield><marc:datafield tag="050" ind1="0" ind2="0"><marc:subfield code="a">GN645</marc:subfield><marc:subfield code="b">.A375 1987</marc:subfield></marc:datafield><marc:datafield tag="082" ind1="0" ind2="0"><marc:subfield code="a">306.8/3/096</marc:subfield><marc:subfield code="2">19</marc:subfield></marc:datafield><marc:datafield tag="245" ind1="0" ind2="0"><marc:subfield code="a">African systems of kinship and marriage /</marc:subfield><marc:subfield code="c">edited by A.R. Radcliffe-Brown and Daryll Forde.</marc:subfield></marc:datafield><marc:datafield tag="260" ind1="0" ind2=" "><marc:subfield code="a">London ;</marc:subfield><marc:subfield code="a">New York :</marc:subfield><marc:subfield code="b">KPI in association with the International African Institute ;</marc:subfield><marc:subfield code="a">New York, NY, USA :</marc:subfield><marc:subfield code="b">Distributed by Routledge &amp; Kegan Paul,</marc:subfield><marc:subfield code="c">1987.</marc:subfield></marc:datafield><marc:datafield tag="300" ind1=" " ind2=" "><marc:subfield code="a">398 p., [10] leaves of plates (1 folded) :</marc:subfield><marc:subfield code="b">ill. ;</marc:subfield><marc:subfield code="c">22 cm.</marc:subfield></marc:datafield><marc:datafield tag="504" ind1=" " ind2=" "><marc:subfield code="a">Includes bibliographical references and index.</marc:subfield></marc:datafield><marc:datafield tag="650" ind1=" " ind2="0"><marc:subfield code="a">Kinship</marc:subfield><marc:subfield code="z">Africa.</marc:subfield></marc:datafield><marc:datafield tag="650" ind1=" " ind2="0"><marc:subfield code="a">Marriage customs and rites</marc:subfield><marc:subfield code="z">Africa.</marc:subfield></marc:datafield><marc:datafield tag="651" ind1=" " ind2="0"><marc:subfield code="a">Africa</marc:subfield><marc:subfield code="x">Social life and customs.</marc:subfield></marc:datafield><marc:datafield tag="700" ind1="1" ind2="0"><marc:subfield code="a">Radcliffe-Brown, A. R.</marc:subfield><marc:subfield code="q">(Alfred Reginald),</marc:subfield><marc:subfield code="d">1881-1955.</marc:subfield></marc:datafield><marc:datafield tag="700" ind1="1" ind2="0"><marc:subfield code="a">Forde, Cyril Daryll,</marc:subfield><marc:subfield code="d">1902-</marc:subfield></marc:datafield><marc:datafield tag="710" ind1="2" ind2="0"><marc:subfield code="a">International African Institute.</marc:subfield></marc:datafield><marc:datafield tag="035" ind1=" " ind2=" "><marc:subfield code="a">(TxDaGIAL)37741100011695</marc:subfield></marc:datafield><marc:controlfield tag="005">20080624154354.0</marc:controlfield><marc:controlfield tag="001">284</marc:controlfield><marc:controlfield tag="003">TxDaGIAL</marc:controlfield><marc:datafield tag="852" ind1=" " ind2=" "><marc:subfield code="p">37741100011695</marc:subfield><marc:subfield code="a">Library</marc:subfield><marc:subfield code="9">$19.95</marc:subfield><marc:subfield code="x">COPYID:321</marc:subfield><marc:subfield code="x">FSC@aRegular@c19960603</marc:subfield><marc:subfield code="h">306.83096 A258r 1987</marc:subfield><marc:subfield code="z">B/T 7-90</marc:subfield></marc:datafield></marc:record>