
<marc:record><marc:leader>00951nam a2200217I  4500</marc:leader>
<marc:controlfield tag="008">740730r19651972enk             1 0 engmu</marc:controlfield>
<marc:datafield tag="020" ind1=" " ind2=" "><marc:subfield code="a">0197241581</marc:subfield></marc:datafield><marc:datafield tag="035" ind1=" " ind2=" "><marc:subfield code="a">(CU-UC)878558</marc:subfield></marc:datafield><marc:datafield tag="040" ind1=" " ind2=" "><marc:subfield code="c">YNG</marc:subfield><marc:subfield code="d">m.c.</marc:subfield><marc:subfield code="d">CLU</marc:subfield><marc:subfield code="d">TxDaGIAL</marc:subfield></marc:datafield><marc:datafield tag="111" ind1="2" ind2="0"><marc:subfield code="a">International African Seminar</marc:subfield><marc:subfield code="n">(3rd :</marc:subfield><marc:subfield code="d">1960 :</marc:subfield><marc:subfield code="c">Salisbury, Southern Rhodesia)</marc:subfield></marc:datafield><marc:datafield tag="245" ind1="1" ind2="0"><marc:subfield code="a">African systems of thought :</marc:subfield><marc:subfield code="b">studies presented and discussed at the third International African Seminar in Salisbury, December, 1960. /</marc:subfield><marc:subfield code="c">Pref. by M. Fortes and G. Dieterlen.</marc:subfield></marc:datafield><marc:datafield tag="260" ind1="0" ind2=" "><marc:subfield code="a">London ;</marc:subfield><marc:subfield code="a">New York :</marc:subfield><marc:subfield code="b">Published for the International African Institute by the Oxford University Press,</marc:subfield><marc:subfield code="c">[1972, c1965]</marc:subfield></marc:datafield><marc:datafield tag="300" ind1=" " ind2=" "><marc:subfield code="a">viii, 392 p. ;</marc:subfield><marc:subfield code="c">22 cm.</marc:subfield></marc:datafield><marc:datafield tag="504" ind1=" " ind2=" "><marc:subfield code="a">Includes bibliographies.</marc:subfield></marc:datafield><marc:datafield tag="546" ind1=" " ind2=" "><marc:subfield code="a">English.</marc:subfield></marc:datafield><marc:datafield tag="651" ind1=" " ind2="0"><marc:subfield code="a">Africa</marc:subfield><marc:subfield code="x">Religion</marc:subfield><marc:subfield code="v">Congresses.</marc:subfield></marc:datafield><marc:datafield tag="035" ind1=" " ind2=" "><marc:subfield code="a">(TxDaGIAL)37741100018821</marc:subfield></marc:datafield><marc:controlfield tag="005">20080624154354.0</marc:controlfield><marc:controlfield tag="001">285</marc:controlfield><marc:controlfield tag="003">TxDaGIAL</marc:controlfield><marc:datafield tag="852" ind1=" " ind2=" "><marc:subfield code="p">37741100018821</marc:subfield><marc:subfield code="a">Library</marc:subfield><marc:subfield code="x">COPYID:322</marc:subfield><marc:subfield code="x">FSC@aRegular@c19970703</marc:subfield><marc:subfield code="h">276 A258 1965</marc:subfield><marc:subfield code="z">1945</marc:subfield></marc:datafield></marc:record>