
<marc:record><marc:leader>01038nam a2200289 a 4500</marc:leader>
<marc:controlfield tag="008">921007s1992    nyu      b    000 0 eng  </marc:controlfield>
<marc:datafield tag="010" ind1=" " ind2=" "><marc:subfield code="a">   92225601</marc:subfield></marc:datafield><marc:datafield tag="020" ind1=" " ind2=" "><marc:subfield code="a">088344805X</marc:subfield></marc:datafield><marc:datafield tag="040" ind1=" " ind2=" "><marc:subfield code="a">DLC</marc:subfield><marc:subfield code="c">DLC</marc:subfield></marc:datafield><marc:datafield tag="041" ind1="1" ind2=" "><marc:subfield code="a">eng</marc:subfield><marc:subfield code="h">ger</marc:subfield></marc:datafield><marc:datafield tag="043" ind1=" " ind2=" "><marc:subfield code="a">fb-----</marc:subfield></marc:datafield><marc:datafield tag="050" ind1="0" ind2="0"><marc:subfield code="a">BT30.A4</marc:subfield><marc:subfield code="b">B8413 1992</marc:subfield></marc:datafield><marc:datafield tag="082" ind1="0" ind2="0"><marc:subfield code="a">230/.0967</marc:subfield><marc:subfield code="2">20</marc:subfield></marc:datafield><marc:datafield tag="100" ind1="1" ind2=" "><marc:subfield code="a">Bujo, Bnzet.</marc:subfield></marc:datafield><marc:datafield tag="240" ind1="1" ind2="0"><marc:subfield code="a">Afrikanische Theologie in ihrem gesellschaftlichen Kontext.</marc:subfield><marc:subfield code="l">English.</marc:subfield></marc:datafield><marc:datafield tag="245" ind1="1" ind2="0"><marc:subfield code="a">African theology in its social context /</marc:subfield><marc:subfield code="c">Bnzet Bujo ; translated from the German by John O'Donohue.</marc:subfield></marc:datafield><marc:datafield tag="260" ind1=" " ind2=" "><marc:subfield code="a">Maryknoll, N.Y. :</marc:subfield><marc:subfield code="b">Orbis Books,</marc:subfield><marc:subfield code="c">c1992.</marc:subfield></marc:datafield><marc:datafield tag="300" ind1=" " ind2=" "><marc:subfield code="a">143 p. ;</marc:subfield><marc:subfield code="c">21 cm.</marc:subfield></marc:datafield><marc:datafield tag="440" ind1=" " ind2="0"><marc:subfield code="a">Faith and cultures series</marc:subfield></marc:datafield><marc:datafield tag="504" ind1=" " ind2=" "><marc:subfield code="a">Includes bibliographical references: (p. 131-143).</marc:subfield></marc:datafield><marc:datafield tag="650" ind1=" " ind2="0"><marc:subfield code="a">Theology, Doctrinal</marc:subfield><marc:subfield code="z">Africa, Sub-Saharan.</marc:subfield></marc:datafield><marc:datafield tag="650" ind1=" " ind2="0"><marc:subfield code="a">Christianity and culture.</marc:subfield></marc:datafield><marc:datafield tag="035" ind1=" " ind2=" "><marc:subfield code="a">(TxDaGIAL)37741100003011</marc:subfield></marc:datafield><marc:controlfield tag="005">20080624154355.0</marc:controlfield><marc:controlfield tag="001">286</marc:controlfield><marc:controlfield tag="003">TxDaGIAL</marc:controlfield><marc:datafield tag="852" ind1=" " ind2=" "><marc:subfield code="p">37741100003011</marc:subfield><marc:subfield code="a">Library</marc:subfield><marc:subfield code="x">COPYID:323</marc:subfield><marc:subfield code="x">FSC@aRegular@c19950330</marc:subfield><marc:subfield code="h">230.0967 B932a 1992</marc:subfield><marc:subfield code="z">B/T Link $16.95 4-93</marc:subfield></marc:datafield></marc:record>