
<marc:record><marc:leader>01065cam a2200301 a 4500</marc:leader>
<marc:controlfield tag="008">891229s1990    nyua     b    00110 eng  </marc:controlfield>
<marc:datafield tag="010" ind1=" " ind2=" "><marc:subfield code="a">   89078555 //r91</marc:subfield></marc:datafield><marc:datafield tag="020" ind1=" " ind2=" "><marc:subfield code="a">0889460736</marc:subfield></marc:datafield><marc:datafield tag="040" ind1=" " ind2=" "><marc:subfield code="a">DLC</marc:subfield><marc:subfield code="c">DLC</marc:subfield><marc:subfield code="d">DLC</marc:subfield></marc:datafield><marc:datafield tag="043" ind1=" " ind2=" "><marc:subfield code="a">fb-----</marc:subfield></marc:datafield><marc:datafield tag="050" ind1="0" ind2="0"><marc:subfield code="a">BV3520</marc:subfield><marc:subfield code="b">.M89 1990</marc:subfield></marc:datafield><marc:datafield tag="082" ind1="0" ind2="0"><marc:subfield code="a">266/00967</marc:subfield><marc:subfield code="2">20</marc:subfield></marc:datafield><marc:datafield tag="100" ind1="1" ind2="0"><marc:subfield code="a">Muzorewa, Gwinyai H.</marc:subfield></marc:datafield><marc:datafield tag="245" ind1="1" ind2="3"><marc:subfield code="a">An African theology of mission /</marc:subfield><marc:subfield code="c">Gwinyai Henry Muzorewa.</marc:subfield></marc:datafield><marc:datafield tag="260" ind1="0" ind2=" "><marc:subfield code="a">Lewiston, N.Y. :</marc:subfield><marc:subfield code="b">E. Mellen Press,</marc:subfield><marc:subfield code="c">c1990.</marc:subfield></marc:datafield><marc:datafield tag="300" ind1=" " ind2=" "><marc:subfield code="a">xvi, 204 p. :</marc:subfield><marc:subfield code="b">ill. ;</marc:subfield><marc:subfield code="c">24 cm.</marc:subfield></marc:datafield><marc:datafield tag="490" ind1="1" ind2=" "><marc:subfield code="a">Studies in history of missions ;</marc:subfield><marc:subfield code="v">v. 5</marc:subfield></marc:datafield><marc:datafield tag="504" ind1=" " ind2=" "><marc:subfield code="a">Includes bibliographical references (p. 178-199) and index.</marc:subfield></marc:datafield><marc:datafield tag="650" ind1=" " ind2="0"><marc:subfield code="a">Missions</marc:subfield><marc:subfield code="z">Africa, Sub-Saharan.</marc:subfield></marc:datafield><marc:datafield tag="650" ind1=" " ind2="0"><marc:subfield code="a">Missions</marc:subfield><marc:subfield code="x">Theory.</marc:subfield></marc:datafield><marc:datafield tag="650" ind1=" " ind2="0"><marc:subfield code="a">Christianity and culture.</marc:subfield></marc:datafield><marc:datafield tag="651" ind1=" " ind2="0"><marc:subfield code="a">Africa, Sub-Saharan</marc:subfield><marc:subfield code="x">Church history.</marc:subfield></marc:datafield><marc:datafield tag="830" ind1=" " ind2="0"><marc:subfield code="a">Studies in the history of missions ;</marc:subfield><marc:subfield code="v">v. 5.</marc:subfield></marc:datafield><marc:datafield tag="035" ind1=" " ind2=" "><marc:subfield code="a">(TxDaGIAL)37741100006699</marc:subfield></marc:datafield><marc:controlfield tag="005">20080624154355.0</marc:controlfield><marc:controlfield tag="001">287</marc:controlfield><marc:controlfield tag="003">TxDaGIAL</marc:controlfield><marc:datafield tag="852" ind1=" " ind2=" "><marc:subfield code="p">37741100006699</marc:subfield><marc:subfield code="a">Library</marc:subfield><marc:subfield code="9">$59.95</marc:subfield><marc:subfield code="x">COPYID:324</marc:subfield><marc:subfield code="x">FSC@aRegular@c19950811</marc:subfield><marc:subfield code="h">266.00967 M994a 1990</marc:subfield><marc:subfield code="z">B/T 12-90</marc:subfield></marc:datafield></marc:record>