
<marc:record><marc:leader>01010nam a22002531  4500</marc:leader>
<marc:controlfield tag="008">940913s1989    ke            001 0 eng d</marc:controlfield>
<marc:datafield tag="010" ind1=" " ind2=" "><marc:subfield code="a">91-184495</marc:subfield></marc:datafield><marc:datafield tag="020" ind1=" " ind2=" "><marc:subfield code="a">996686007X :</marc:subfield><marc:subfield code="c">$7.00</marc:subfield></marc:datafield><marc:datafield tag="040" ind1=" " ind2=" "><marc:subfield code="a">DLC</marc:subfield><marc:subfield code="c">SILD</marc:subfield><marc:subfield code="d">SILD</marc:subfield></marc:datafield><marc:datafield tag="043" ind1=" " ind2=" "><marc:subfield code="a">fb-----</marc:subfield></marc:datafield><marc:datafield tag="050" ind1="0" ind2="0"><marc:subfield code="a">BR128.A16</marc:subfield><marc:subfield code="b">G44 1989</marc:subfield></marc:datafield><marc:datafield tag="100" ind1="1" ind2=" "><marc:subfield code="a">Gehman, Richard J.,</marc:subfield><marc:subfield code="d">1935-</marc:subfield></marc:datafield><marc:datafield tag="245" ind1="1" ind2="0"><marc:subfield code="a">African traditional religion in biblical perspective /</marc:subfield><marc:subfield code="c">by Richard J. Gehman.</marc:subfield></marc:datafield><marc:datafield tag="260" ind1=" " ind2=" "><marc:subfield code="a">Kijabe, Kenya; Kesho Publications; Nairobi, Kenya :</marc:subfield><marc:subfield code="b">R.J. Gehman [distributor],</marc:subfield><marc:subfield code="c">c1989.</marc:subfield></marc:datafield><marc:datafield tag="300" ind1=" " ind2=" "><marc:subfield code="a">310 p. ;</marc:subfield><marc:subfield code="c">22 cm.</marc:subfield></marc:datafield><marc:datafield tag="504" ind1=" " ind2=" "><marc:subfield code="a">Includes bibliographical references (p. 303-308) and index.</marc:subfield></marc:datafield><marc:datafield tag="650" ind1=" " ind2="0"><marc:subfield code="a">Christianity and other religions</marc:subfield><marc:subfield code="x">African.</marc:subfield></marc:datafield><marc:datafield tag="651" ind1=" " ind2="0"><marc:subfield code="a">Africa, Sub-Saharan</marc:subfield><marc:subfield code="x">Religion.</marc:subfield></marc:datafield><marc:datafield tag="035" ind1=" " ind2=" "><marc:subfield code="a">(TxDaGIAL)37741100000188</marc:subfield></marc:datafield><marc:controlfield tag="005">20080624154355.0</marc:controlfield><marc:controlfield tag="001">288</marc:controlfield><marc:controlfield tag="003">TxDaGIAL</marc:controlfield><marc:datafield tag="852" ind1=" " ind2=" "><marc:subfield code="p">37741100000188</marc:subfield><marc:subfield code="a">Library</marc:subfield><marc:subfield code="9">$6.94</marc:subfield><marc:subfield code="x">COPYID:325</marc:subfield><marc:subfield code="x">FSC@aRegular@c19940824</marc:subfield><marc:subfield code="h">299.69 G311a 1989</marc:subfield><marc:subfield code="z">DIR</marc:subfield></marc:datafield><marc:datafield tag="852" ind1=" " ind2=" "><marc:subfield code="p">37741100000189</marc:subfield><marc:subfield code="a">Library</marc:subfield><marc:subfield code="9">$6.94</marc:subfield><marc:subfield code="x">COPYID:326</marc:subfield><marc:subfield code="x">FSC@aRegular@c19940824</marc:subfield><marc:subfield code="h">299.69 G311a 1989</marc:subfield><marc:subfield code="z">DIR</marc:subfield></marc:datafield></marc:record>