
<marc:record><marc:leader>00961cam a2200265 a 4500</marc:leader>
<marc:controlfield tag="008">891220s1990    nyua     b    00110 eng  </marc:controlfield>
<marc:datafield tag="010" ind1=" " ind2=" "><marc:subfield code="a">   89072148</marc:subfield></marc:datafield><marc:datafield tag="020" ind1=" " ind2=" "><marc:subfield code="a">0883446561 :</marc:subfield><marc:subfield code="c">$19.95</marc:subfield></marc:datafield><marc:datafield tag="040" ind1=" " ind2=" "><marc:subfield code="a">DLC</marc:subfield><marc:subfield code="c">DLC</marc:subfield><marc:subfield code="d">DLC</marc:subfield><marc:subfield code="d">TxDaGIAL</marc:subfield></marc:datafield><marc:datafield tag="043" ind1=" " ind2=" "><marc:subfield code="a">f-cm---</marc:subfield></marc:datafield><marc:datafield tag="043" ind1=" " ind2=" "><marc:subfield code="a">f-cx---</marc:subfield></marc:datafield><marc:datafield tag="050" ind1="0" ind2="0"><marc:subfield code="a">BL2480.G36</marc:subfield><marc:subfield code="b">C47 1990</marc:subfield></marc:datafield><marc:datafield tag="082" ind1="0" ind2="0"><marc:subfield code="a">299/.6836</marc:subfield><marc:subfield code="2">20</marc:subfield></marc:datafield><marc:datafield tag="100" ind1="1" ind2="0"><marc:subfield code="a">Christensen, Thomas G.</marc:subfield></marc:datafield><marc:datafield tag="245" ind1="1" ind2="3"><marc:subfield code="a">An African tree of life /</marc:subfield><marc:subfield code="c">Thomas G. Christensen ; illustrations by Richard R. Caemmerer, Jr.</marc:subfield></marc:datafield><marc:datafield tag="260" ind1="0" ind2=" "><marc:subfield code="a">Maryknoll, N.Y. :</marc:subfield><marc:subfield code="b">Orbis Books,</marc:subfield><marc:subfield code="c">c1990.</marc:subfield></marc:datafield><marc:datafield tag="300" ind1=" " ind2=" "><marc:subfield code="a">xix, 184 p. :</marc:subfield><marc:subfield code="b">ill. ;</marc:subfield><marc:subfield code="c">24 cm.</marc:subfield></marc:datafield><marc:datafield tag="440" ind1=" " ind2="0"><marc:subfield code="a">American Society of Missiology series ;</marc:subfield><marc:subfield code="v">14</marc:subfield></marc:datafield><marc:datafield tag="504" ind1=" " ind2=" "><marc:subfield code="a">Includes bibliographical references (p. 179-180) and index.</marc:subfield></marc:datafield><marc:datafield tag="650" ind1=" " ind2="0"><marc:subfield code="a">Gbaya (African people)</marc:subfield><marc:subfield code="x">Religion.</marc:subfield></marc:datafield><marc:datafield tag="035" ind1=" " ind2=" "><marc:subfield code="a">(TxDaGIAL)37741100000955</marc:subfield></marc:datafield><marc:controlfield tag="005">20080624154355.0</marc:controlfield><marc:controlfield tag="001">289</marc:controlfield><marc:controlfield tag="003">TxDaGIAL</marc:controlfield><marc:datafield tag="852" ind1=" " ind2=" "><marc:subfield code="p">37741100000955</marc:subfield><marc:subfield code="a">Library</marc:subfield><marc:subfield code="9">$17.36</marc:subfield><marc:subfield code="x">COPYID:327</marc:subfield><marc:subfield code="x">FSC@aRegular@c19950105</marc:subfield><marc:subfield code="h">299.6836 C554a 1990</marc:subfield><marc:subfield code="z">BTLink 5-93</marc:subfield></marc:datafield></marc:record>