
<marc:record><marc:leader>00934cam a2200241 i 4500</marc:leader>
<marc:controlfield tag="008">770523m19761954enka     b    00110 eng d</marc:controlfield>
<marc:datafield tag="035" ind1=" " ind2=" "><marc:subfield code="a">(CStRLIN)NYCX2987515B</marc:subfield></marc:datafield><marc:datafield tag="035" ind1=" " ind2=" "><marc:subfield code="a">(CaOTULAS)149939719</marc:subfield></marc:datafield><marc:datafield tag="035" ind1=" " ind2=" "><marc:subfield code="a">NYCX2987515-B</marc:subfield></marc:datafield><marc:datafield tag="040" ind1=" " ind2=" "><marc:subfield code="a">OU</marc:subfield><marc:subfield code="c">OU</marc:subfield><marc:subfield code="d">NIC</marc:subfield><marc:subfield code="d">CStRLIN</marc:subfield></marc:datafield><marc:datafield tag="043" ind1=" " ind2=" "><marc:subfield code="a">f------</marc:subfield></marc:datafield><marc:datafield tag="110" ind1="2" ind2=" "><marc:subfield code="a">International African Institute.</marc:subfield></marc:datafield><marc:datafield tag="245" ind1="1" ind2="0"><marc:subfield code="a">African worlds :</marc:subfield><marc:subfield code="b">studies in the cosmological ideas and social values of African peoples /</marc:subfield><marc:subfield code="c">[edited by] Daryll Forde.</marc:subfield></marc:datafield><marc:datafield tag="260" ind1=" " ind2=" "><marc:subfield code="a">[London] :</marc:subfield><marc:subfield code="b">International African Institute published by the Oxford University Press,</marc:subfield><marc:subfield code="c">1976.</marc:subfield></marc:datafield><marc:datafield tag="300" ind1=" " ind2=" "><marc:subfield code="a">xvii, 243 p. :</marc:subfield><marc:subfield code="b">ill. ;</marc:subfield><marc:subfield code="c">22 cm.</marc:subfield></marc:datafield><marc:datafield tag="504" ind1=" " ind2=" "><marc:subfield code="a">Includes bibliographical references and index.</marc:subfield></marc:datafield><marc:datafield tag="650" ind1=" " ind2="0"><marc:subfield code="a">Ethnology</marc:subfield><marc:subfield code="z">Africa.</marc:subfield></marc:datafield><marc:datafield tag="700" ind1="1" ind2="0"><marc:subfield code="a">Forde, Cyril Daryll,</marc:subfield><marc:subfield code="d">1902-</marc:subfield></marc:datafield><marc:datafield tag="035" ind1=" " ind2=" "><marc:subfield code="a">(TxDaGIAL)37741100013519</marc:subfield></marc:datafield><marc:controlfield tag="005">20080624154356.0</marc:controlfield><marc:controlfield tag="001">293</marc:controlfield><marc:controlfield tag="003">TxDaGIAL</marc:controlfield><marc:datafield tag="852" ind1=" " ind2=" "><marc:subfield code="p">37741100013519</marc:subfield><marc:subfield code="a">Library</marc:subfield><marc:subfield code="x">COPYID:331</marc:subfield><marc:subfield code="x">FSC@aRegular@c19961017</marc:subfield><marc:subfield code="h">305.896 A258f 1976</marc:subfield><marc:subfield code="z">1519</marc:subfield></marc:datafield></marc:record>