
<marc:record><marc:leader>00927cam a2200253   4500</marc:leader>
<marc:controlfield tag="008">740415r1974    miu      b    00100 eng  </marc:controlfield>
<marc:datafield tag="010" ind1=" " ind2=" "><marc:subfield code="a">   74161963 //r91</marc:subfield></marc:datafield><marc:datafield tag="020" ind1=" " ind2=" "><marc:subfield code="a">0472089153</marc:subfield></marc:datafield><marc:datafield tag="020" ind1=" " ind2=" "><marc:subfield code="c">$4.95</marc:subfield></marc:datafield><marc:datafield tag="040" ind1=" " ind2=" "><marc:subfield code="a">DLC</marc:subfield><marc:subfield code="c">DLC</marc:subfield><marc:subfield code="d">DLC</marc:subfield></marc:datafield><marc:datafield tag="050" ind1="0" ind2="0"><marc:subfield code="a">PM7875.G8</marc:subfield><marc:subfield code="b">T8 1974</marc:subfield></marc:datafield><marc:datafield tag="082" ind1="0" ind2="0"><marc:subfield code="a">427/.9/757</marc:subfield></marc:datafield><marc:datafield tag="100" ind1="1" ind2="0"><marc:subfield code="a">Turner, Lorenzo Dow.</marc:subfield></marc:datafield><marc:datafield tag="245" ind1="1" ind2="0"><marc:subfield code="a">Africanisms in the Gullah dialect /</marc:subfield><marc:subfield code="c">by Lorenzo Dow Turner; with a foreword by David DeCamp.</marc:subfield></marc:datafield><marc:datafield tag="260" ind1="0" ind2=" "><marc:subfield code="a">Ann Arbor :</marc:subfield><marc:subfield code="b">University of Michigan Press,</marc:subfield><marc:subfield code="c">[1974, c1949]</marc:subfield></marc:datafield><marc:datafield tag="300" ind1=" " ind2=" "><marc:subfield code="a">xviii, 317 p. ;</marc:subfield><marc:subfield code="c">23 cm.</marc:subfield></marc:datafield><marc:datafield tag="500" ind1=" " ind2=" "><marc:subfield code="a">Reprint of the ed. published by University of Chicago Press, Chicago; with new foreword.</marc:subfield></marc:datafield><marc:datafield tag="504" ind1=" " ind2=" "><marc:subfield code="a">Bibliography: p. 293-299.</marc:subfield></marc:datafield><marc:datafield tag="650" ind1=" " ind2="0"><marc:subfield code="a">Sea Islands Creole dialect</marc:subfield><marc:subfield code="x">Etymology.</marc:subfield></marc:datafield><marc:datafield tag="035" ind1=" " ind2=" "><marc:subfield code="a">(TxDaGIAL)37741100010915</marc:subfield></marc:datafield><marc:controlfield tag="005">20080624154356.0</marc:controlfield><marc:controlfield tag="001">295</marc:controlfield><marc:controlfield tag="003">TxDaGIAL</marc:controlfield><marc:datafield tag="852" ind1=" " ind2=" "><marc:subfield code="p">37741100010915</marc:subfield><marc:subfield code="a">Library</marc:subfield><marc:subfield code="x">COPYID:333</marc:subfield><marc:subfield code="x">FSC@aRegular@c19960410</marc:subfield><marc:subfield code="h">427.9757 T948a 1974</marc:subfield><marc:subfield code="z">12226</marc:subfield></marc:datafield></marc:record>