
<marc:record><marc:leader>01313cam a2200301 i 4500</marc:leader>
<marc:controlfield tag="008">800903s1980    caua     bc   00110 eng  </marc:controlfield>
<marc:datafield tag="010" ind1=" " ind2=" "><marc:subfield code="a">   80022123 //r84</marc:subfield></marc:datafield><marc:datafield tag="040" ind1=" " ind2=" "><marc:subfield code="a">DLC</marc:subfield><marc:subfield code="c">DLC</marc:subfield></marc:datafield><marc:datafield tag="043" ind1=" " ind2=" "><marc:subfield code="a">s-sr---</marc:subfield></marc:datafield><marc:datafield tag="050" ind1="0" ind2=" "><marc:subfield code="a">NX537.2.A1</marc:subfield><marc:subfield code="b">P75</marc:subfield></marc:datafield><marc:datafield tag="082" ind1="0" ind2=" "><marc:subfield code="a">700/.89969883/074013</marc:subfield><marc:subfield code="2">19</marc:subfield></marc:datafield><marc:datafield tag="100" ind1="1" ind2="0"><marc:subfield code="a">Price, Sally.</marc:subfield></marc:datafield><marc:datafield tag="245" ind1="1" ind2="0"><marc:subfield code="a">Afro-American arts of the Suriname Rain Forest /</marc:subfield><marc:subfield code="c">by Sally and Richard Price.</marc:subfield></marc:datafield><marc:datafield tag="260" ind1="0" ind2=" "><marc:subfield code="a">Los Angeles :</marc:subfield><marc:subfield code="b">Museum of Cultural History, University of California ;</marc:subfield><marc:subfield code="a">Berkeley :</marc:subfield><marc:subfield code="b">University of California Press,</marc:subfield><marc:subfield code="c">c1980.</marc:subfield></marc:datafield><marc:datafield tag="300" ind1=" " ind2=" "><marc:subfield code="a">237 p. :</marc:subfield><marc:subfield code="b">ill. ;</marc:subfield><marc:subfield code="c">28 cm.</marc:subfield></marc:datafield><marc:datafield tag="500" ind1=" " ind2=" "><marc:subfield code="a">The exhibition associated with this book was organized by the Museum of Cultural History, UCLA, and held Oct. 14-Dec. 7, 1980 at the Frederick S. Wight Art Gallery, UCLA, and at other museums.</marc:subfield></marc:datafield><marc:datafield tag="504" ind1=" " ind2=" "><marc:subfield code="a">Bibliography: p. 225-228.</marc:subfield></marc:datafield><marc:datafield tag="500" ind1=" " ind2=" "><marc:subfield code="a">Includes index.</marc:subfield></marc:datafield><marc:datafield tag="650" ind1=" " ind2="0"><marc:subfield code="a">Arts, Maroon</marc:subfield><marc:subfield code="v">Exhibitions.</marc:subfield></marc:datafield><marc:datafield tag="650" ind1=" " ind2="0"><marc:subfield code="a">Maroons</marc:subfield><marc:subfield code="z">Suriname</marc:subfield><marc:subfield code="v">Exhibitions.</marc:subfield></marc:datafield><marc:datafield tag="700" ind1="1" ind2="0"><marc:subfield code="a">Price, Richard,</marc:subfield><marc:subfield code="d">1941-</marc:subfield><marc:subfield code="e">joint author.</marc:subfield></marc:datafield><marc:datafield tag="710" ind1="2" ind2="0"><marc:subfield code="a">University of California, Los Angeles.</marc:subfield><marc:subfield code="b">Museum of Cultural History.</marc:subfield></marc:datafield><marc:datafield tag="710" ind1="2" ind2="0"><marc:subfield code="a">Frederick S. Wight Art Gallery.</marc:subfield></marc:datafield><marc:datafield tag="035" ind1=" " ind2=" "><marc:subfield code="a">(TxDaGIAL)37741100005486</marc:subfield></marc:datafield><marc:controlfield tag="005">20080624154357.0</marc:controlfield><marc:controlfield tag="001">297</marc:controlfield><marc:controlfield tag="003">TxDaGIAL</marc:controlfield><marc:datafield tag="852" ind1=" " ind2=" "><marc:subfield code="p">37741100005486</marc:subfield><marc:subfield code="a">Library</marc:subfield><marc:subfield code="x">COPYID:335</marc:subfield><marc:subfield code="x">FSC@aRegular@c19950704</marc:subfield><marc:subfield code="h">700.89969883 P946a 1980</marc:subfield><marc:subfield code="z">6814</marc:subfield></marc:datafield></marc:record>