
<marc:record><marc:leader>00956cam a2200265 i 4500</marc:leader>
<marc:controlfield tag="008">720413r1971    ne       b    00000 eng  </marc:controlfield>
<marc:datafield tag="010" ind1=" " ind2=" "><marc:subfield code="a">   78181828 //r84</marc:subfield></marc:datafield><marc:datafield tag="015" ind1=" " ind2=" "><marc:subfield code="a">Ne71-48</marc:subfield></marc:datafield><marc:datafield tag="040" ind1=" " ind2=" "><marc:subfield code="a">DLC</marc:subfield><marc:subfield code="c">DLC</marc:subfield><marc:subfield code="d">TxDaGIAL</marc:subfield></marc:datafield><marc:datafield tag="050" ind1="0" ind2=" "><marc:subfield code="a">PJ990</marc:subfield><marc:subfield code="b">.A14</marc:subfield></marc:datafield><marc:datafield tag="082" ind1=" " ind2=" "><marc:subfield code="a">492</marc:subfield></marc:datafield><marc:datafield tag="245" ind1="0" ind2="0"><marc:subfield code="a">Afroasiatic :</marc:subfield><marc:subfield code="b">a survey /</marc:subfield><marc:subfield code="c">edited by Carleton T. Hodge.</marc:subfield></marc:datafield><marc:datafield tag="260" ind1="0" ind2=" "><marc:subfield code="a">The Hague :</marc:subfield><marc:subfield code="b">Mouton,</marc:subfield><marc:subfield code="c">1971.</marc:subfield></marc:datafield><marc:datafield tag="300" ind1=" " ind2=" "><marc:subfield code="a">130 p. ;</marc:subfield><marc:subfield code="c">26 cm.</marc:subfield></marc:datafield><marc:datafield tag="440" ind1=" " ind2="0"><marc:subfield code="a">Janua linguarum.</marc:subfield><marc:subfield code="p">Series practica ;</marc:subfield><marc:subfield code="v">163</marc:subfield></marc:datafield><marc:datafield tag="500" ind1=" " ind2=" "><marc:subfield code="a">&quot;Reissue of six articles from Current trends in linguistics, vol. 6 and one from vol. 7.&quot;</marc:subfield></marc:datafield><marc:datafield tag="504" ind1=" " ind2=" "><marc:subfield code="a">Includes bibliographies.</marc:subfield></marc:datafield><marc:datafield tag="650" ind1=" " ind2="0"><marc:subfield code="a">Afroasiatic languages.</marc:subfield></marc:datafield><marc:datafield tag="700" ind1="1" ind2="0"><marc:subfield code="a">Hodge, C. T.</marc:subfield><marc:subfield code="q">(Carleton Taylor),</marc:subfield><marc:subfield code="d">1917-</marc:subfield></marc:datafield><marc:datafield tag="700" ind1="1" ind2="1"><marc:subfield code="a">Sebeok, Thomas Albert,</marc:subfield><marc:subfield code="d">1920-</marc:subfield><marc:subfield code="e">ed.</marc:subfield><marc:subfield code="t">Current trends in linguistics.</marc:subfield></marc:datafield><marc:datafield tag="035" ind1=" " ind2=" "><marc:subfield code="a">(TxDaGIAL)37741100007687</marc:subfield></marc:datafield><marc:controlfield tag="005">20080624154357.0</marc:controlfield><marc:controlfield tag="001">299</marc:controlfield><marc:controlfield tag="003">TxDaGIAL</marc:controlfield><marc:datafield tag="852" ind1=" " ind2=" "><marc:subfield code="p">37741100007687</marc:subfield><marc:subfield code="a">Library</marc:subfield><marc:subfield code="x">COPYID:338</marc:subfield><marc:subfield code="x">FSC@aRegular@c19950906</marc:subfield><marc:subfield code="h">492 A258h 1971</marc:subfield><marc:subfield code="z">3721</marc:subfield></marc:datafield></marc:record>