
<marc:record><marc:leader>01853nam a2200361 i 4500</marc:leader>
<marc:controlfield tag="008">970121m1978    cau           000 0 eng d</marc:controlfield>
<marc:datafield tag="040" ind1=" " ind2=" "><marc:subfield code="a">TxDaGIAL</marc:subfield><marc:subfield code="c">TxDaGIAL</marc:subfield></marc:datafield><marc:datafield tag="082" ind1="0" ind2="4"><marc:subfield code="a">492</marc:subfield></marc:datafield><marc:datafield tag="245" ind1="0" ind2="0"><marc:subfield code="a">Afroasiatic linguistics :</marc:subfield><marc:subfield code="b">volume six.</marc:subfield></marc:datafield><marc:datafield tag="260" ind1=" " ind2=" "><marc:subfield code="a">Malibu, Calif. :</marc:subfield><marc:subfield code="b">Undena Publications,</marc:subfield><marc:subfield code="c">1978-79.</marc:subfield></marc:datafield><marc:datafield tag="300" ind1=" " ind2=" "><marc:subfield code="a">6 issues ;</marc:subfield><marc:subfield code="c">28 cm.</marc:subfield></marc:datafield><marc:datafield tag="490" ind1="1" ind2=" "><marc:subfield code="a">Afroasiatic linguistics ;</marc:subfield><marc:subfield code="v">6:1-6</marc:subfield></marc:datafield><marc:datafield tag="440" ind1=" " ind2="0"><marc:subfield code="a">Monographic journals of the Near East.</marc:subfield><marc:subfield code="p">Afroasiatic linguistics,</marc:subfield><marc:subfield code="x">0362-3637 ;</marc:subfield><marc:subfield code="v">v. 6, issues 1-6</marc:subfield></marc:datafield><marc:datafield tag="504" ind1=" " ind2=" "><marc:subfield code="a">Includes bibliographies.</marc:subfield></marc:datafield><marc:datafield tag="505" ind1="0" ind2=" "><marc:subfield code="a">1. Theoretical implications of consonant sequence constraints in Israeli Hebrew / Malachi Barkai ; The ordering of Hebrew morphological processes / Zev Bar-Lev -- 2. The Sam languages: a history of Rendille, Boni and Somali / Bernd Heine -- 3. Lexical decomposition and lexical unity in the expression of derived verbal categories in modern Hebrew / Ruth Aronson Berman -- 4. Bibliographical bulletin -- 5. Grammatical categories of verb stems and the marking of mood, aktionsart, and aspect in Chadic / Ekkehard Wolff -- 6. The IIwy verbs and the vowel system of Proto-West Semitic / A.M.R. Aristar.</marc:subfield></marc:datafield><marc:datafield tag="650" ind1=" " ind2="0"><marc:subfield code="a">Hebrew language</marc:subfield><marc:subfield code="x">Voice.</marc:subfield></marc:datafield><marc:datafield tag="650" ind1=" " ind2="0"><marc:subfield code="a">Hebrew language</marc:subfield><marc:subfield code="x">Causative.</marc:subfield></marc:datafield><marc:datafield tag="650" ind1=" " ind2="0"><marc:subfield code="a">Semitic languages</marc:subfield><marc:subfield code="v">Book reviews.</marc:subfield></marc:datafield><marc:datafield tag="650" ind1=" " ind2="0"><marc:subfield code="a">Chadic languages</marc:subfield><marc:subfield code="x">Verb.</marc:subfield></marc:datafield><marc:datafield tag="650" ind1=" " ind2="0"><marc:subfield code="a">Semitic languages.</marc:subfield></marc:datafield><marc:datafield tag="650" ind1=" " ind2="0"><marc:subfield code="a">Somali languages.</marc:subfield></marc:datafield><marc:datafield tag="700" ind1="1" ind2="0"><marc:subfield code="a">Bar-Lev, Zev.</marc:subfield></marc:datafield><marc:datafield tag="700" ind1="1" ind2="0"><marc:subfield code="a">Barkai, Malachi.</marc:subfield></marc:datafield><marc:datafield tag="700" ind1="1" ind2="0"><marc:subfield code="a">Heine, Bernd,</marc:subfield><marc:subfield code="d">1939-</marc:subfield></marc:datafield><marc:datafield tag="700" ind1="1" ind2="0"><marc:subfield code="a">Berman, Ruth Aronson.</marc:subfield></marc:datafield><marc:datafield tag="700" ind1="1" ind2="0"><marc:subfield code="a">Wolff, Ekkehard.</marc:subfield></marc:datafield><marc:datafield tag="700" ind1="1" ind2="0"><marc:subfield code="a">Aristar, A. M. R.</marc:subfield></marc:datafield><marc:datafield tag="830" ind1=" " ind2="0"><marc:subfield code="a">Monographic journals of the Near East.</marc:subfield><marc:subfield code="p">Afroasiatic linguistics ;</marc:subfield><marc:subfield code="v">6:1-6.</marc:subfield></marc:datafield><marc:datafield tag="035" ind1=" " ind2=" "><marc:subfield code="a">(TxDaGIAL)37741100014506</marc:subfield></marc:datafield><marc:controlfield tag="005">20080624154357.0</marc:controlfield><marc:controlfield tag="001">300</marc:controlfield><marc:controlfield tag="003">TxDaGIAL</marc:controlfield><marc:datafield tag="852" ind1=" " ind2=" "><marc:subfield code="p">37741100014506</marc:subfield><marc:subfield code="a">Library</marc:subfield><marc:subfield code="x">COPYID:339</marc:subfield><marc:subfield code="x">FSC@aRegular@c19970121</marc:subfield><marc:subfield code="h">492 A258 6 1978-9</marc:subfield><marc:subfield code="z">9170</marc:subfield></marc:datafield></marc:record>