
<marc:record><marc:leader>01976nam a2200397 i 4500</marc:leader>
<marc:controlfield tag="008">970121m1979    cau           000 0 eng d</marc:controlfield>
<marc:datafield tag="040" ind1=" " ind2=" "><marc:subfield code="a">TxDaGIAL</marc:subfield><marc:subfield code="c">TxDaGIAL</marc:subfield></marc:datafield><marc:datafield tag="082" ind1="0" ind2="4"><marc:subfield code="a">492</marc:subfield></marc:datafield><marc:datafield tag="245" ind1="0" ind2="0"><marc:subfield code="a">Afroasiatic linguistics :</marc:subfield><marc:subfield code="b">volume seven.</marc:subfield></marc:datafield><marc:datafield tag="260" ind1=" " ind2=" "><marc:subfield code="a">Malibu, Calif. :</marc:subfield><marc:subfield code="b">Undena Publications,</marc:subfield><marc:subfield code="c">1979-80.</marc:subfield></marc:datafield><marc:datafield tag="300" ind1=" " ind2=" "><marc:subfield code="a">Issues 1-6 ;</marc:subfield><marc:subfield code="c">28 cm.</marc:subfield></marc:datafield><marc:datafield tag="440" ind1=" " ind2="0"><marc:subfield code="a">Monographic journals of the Near East.</marc:subfield><marc:subfield code="p">Afroasiatic linguistics,</marc:subfield><marc:subfield code="x">0362-3637 ;</marc:subfield><marc:subfield code="v">v. 7, issues 1-6</marc:subfield></marc:datafield><marc:datafield tag="500" ind1=" " ind2=" "><marc:subfield code="a">Includes indexes.</marc:subfield></marc:datafield><marc:datafield tag="504" ind1=" " ind2=" "><marc:subfield code="a">Includes bibliographies.</marc:subfield></marc:datafield><marc:datafield tag="505" ind1="0" ind2=" "><marc:subfield code="a">1. The consonant phonemes of Proto-East-Cushitic (PEC) / Hans-Jrgen Sasse -- 2. Love through death in modern Hebrew: a syntactic treatment / Zafrira Malisdorf -- 3. The syntax of indicator particles in Somali / Francesco Antinucci and Annamaria Puglielli -- 4. Paradigm coherence: evidence from modern Hebrew / Shmuel Bolozky ; Oriental Israeli Hebrew: a study in phonetics / Monica S. Devens -- 5. The sequential forms in late Egyptian and Biblical Hebrew: a parallel development of verbal systems / Antonio Loprieno -- 6. Aphasic evidence for lexical and phonological representations / Malachi Barkai.</marc:subfield></marc:datafield><marc:datafield tag="650" ind1=" " ind2="0"><marc:subfield code="a">Proto-East-Cushitic language.</marc:subfield></marc:datafield><marc:datafield tag="650" ind1=" " ind2="0"><marc:subfield code="a">Hebrew language</marc:subfield><marc:subfield code="x">Verb phrase.</marc:subfield></marc:datafield><marc:datafield tag="650" ind1=" " ind2="0"><marc:subfield code="a">Somali language</marc:subfield><marc:subfield code="x">Particles.</marc:subfield></marc:datafield><marc:datafield tag="650" ind1=" " ind2="0"><marc:subfield code="a">Somali language</marc:subfield><marc:subfield code="x">Clauses.</marc:subfield></marc:datafield><marc:datafield tag="650" ind1=" " ind2="0"><marc:subfield code="a">Hebrew language</marc:subfield><marc:subfield code="x">Pronunciation by foreign speakers.</marc:subfield></marc:datafield><marc:datafield tag="650" ind1=" " ind2="0"><marc:subfield code="a">Analogy (Linguistics)</marc:subfield></marc:datafield><marc:datafield tag="650" ind1=" " ind2="0"><marc:subfield code="a">Egyptian language</marc:subfield><marc:subfield code="x">Grammar, Comparative</marc:subfield><marc:subfield code="x">Hebrew.</marc:subfield></marc:datafield><marc:datafield tag="650" ind1=" " ind2="0"><marc:subfield code="a">Aphasia.</marc:subfield></marc:datafield><marc:datafield tag="700" ind1="1" ind2="0"><marc:subfield code="a">Sasse, Hans-Jrgen,</marc:subfield><marc:subfield code="d">1943-</marc:subfield></marc:datafield><marc:datafield tag="700" ind1="1" ind2="0"><marc:subfield code="a">Malisdorf, Zafrira.</marc:subfield></marc:datafield><marc:datafield tag="700" ind1="1" ind2="0"><marc:subfield code="a">Antinucci, Francesco.</marc:subfield></marc:datafield><marc:datafield tag="700" ind1="1" ind2="0"><marc:subfield code="a">Pugielli, Annamaria.</marc:subfield></marc:datafield><marc:datafield tag="700" ind1="1" ind2="0"><marc:subfield code="a">Bolozky, Shmuel.</marc:subfield></marc:datafield><marc:datafield tag="700" ind1="1" ind2="0"><marc:subfield code="a">Devens, Monica S.</marc:subfield></marc:datafield><marc:datafield tag="700" ind1="1" ind2="0"><marc:subfield code="a">Loprieno, Antonio.</marc:subfield></marc:datafield><marc:datafield tag="700" ind1="1" ind2="0"><marc:subfield code="a">Barkai, Malachi.</marc:subfield></marc:datafield><marc:datafield tag="035" ind1=" " ind2=" "><marc:subfield code="a">(TxDaGIAL)37741100014507</marc:subfield></marc:datafield><marc:controlfield tag="005">20080624154357.0</marc:controlfield><marc:controlfield tag="001">301</marc:controlfield><marc:controlfield tag="003">TxDaGIAL</marc:controlfield><marc:datafield tag="852" ind1=" " ind2=" "><marc:subfield code="p">37741100014507</marc:subfield><marc:subfield code="a">Library</marc:subfield><marc:subfield code="9">$0.01</marc:subfield><marc:subfield code="x">COPYID:340</marc:subfield><marc:subfield code="x">FSC@aRegular@c19970122</marc:subfield><marc:subfield code="h">492 A258 7 1979-80</marc:subfield></marc:datafield></marc:record>