
<marc:record><marc:leader>01111nam a2200265 i 4500</marc:leader>
<marc:controlfield tag="008">970124s1981    cau           001 0 eng d</marc:controlfield>
<marc:datafield tag="040" ind1=" " ind2=" "><marc:subfield code="a">TxDaGIAL</marc:subfield><marc:subfield code="c">TxDaGIAL</marc:subfield></marc:datafield><marc:datafield tag="082" ind1="0" ind2="4"><marc:subfield code="a">492</marc:subfield></marc:datafield><marc:datafield tag="245" ind1="0" ind2="0"><marc:subfield code="a">Afroasiatic linguistics :</marc:subfield><marc:subfield code="b">volume eight.</marc:subfield></marc:datafield><marc:datafield tag="260" ind1=" " ind2=" "><marc:subfield code="a">Malibu, Calif. :</marc:subfield><marc:subfield code="b">Undena Publications,</marc:subfield><marc:subfield code="c">1981-82.</marc:subfield></marc:datafield><marc:datafield tag="300" ind1=" " ind2=" "><marc:subfield code="a">Issues 1-4 ;</marc:subfield><marc:subfield code="c">28 cm.</marc:subfield></marc:datafield><marc:datafield tag="500" ind1=" " ind2=" "><marc:subfield code="a">Includes indexes and bibliographies.</marc:subfield></marc:datafield><marc:datafield tag="505" ind1="0" ind2=" "><marc:subfield code="a">1. Morphophonemics of the verb in Rendille / Ronald J. Sim; Gender and plurality in Rendille / Antoinette Oomen -- 2. Central Somali - a grammatical outline / John I. Saeed -- 3. The development of the participle in Biblical, Mishnaic, and Modern Hebrew / Amnon Gordon -- 4. Bibliographical bulletin.</marc:subfield></marc:datafield><marc:datafield tag="650" ind1=" " ind2="0"><marc:subfield code="a">Rendille language.</marc:subfield></marc:datafield><marc:datafield tag="650" ind1=" " ind2="0"><marc:subfield code="a">Somali language.</marc:subfield></marc:datafield><marc:datafield tag="650" ind1=" " ind2="0"><marc:subfield code="a">Hebrew language</marc:subfield><marc:subfield code="x">Participle.</marc:subfield></marc:datafield><marc:datafield tag="700" ind1="1" ind2="0"><marc:subfield code="a">Sim, Ronald James.</marc:subfield></marc:datafield><marc:datafield tag="700" ind1="1" ind2="0"><marc:subfield code="a">Oomen, Antoinette.</marc:subfield></marc:datafield><marc:datafield tag="700" ind1="1" ind2="0"><marc:subfield code="a">Saeed, John I.</marc:subfield></marc:datafield><marc:datafield tag="700" ind1="1" ind2="0"><marc:subfield code="a">Gordon, Amnon.</marc:subfield></marc:datafield><marc:datafield tag="035" ind1=" " ind2=" "><marc:subfield code="a">(TxDaGIAL)37741100014695</marc:subfield></marc:datafield><marc:controlfield tag="005">20080624154357.0</marc:controlfield><marc:controlfield tag="001">302</marc:controlfield><marc:controlfield tag="003">TxDaGIAL</marc:controlfield><marc:datafield tag="852" ind1=" " ind2=" "><marc:subfield code="p">37741100014695</marc:subfield><marc:subfield code="a">Library</marc:subfield><marc:subfield code="x">COPYID:341</marc:subfield><marc:subfield code="x">FSC@aRegular@c19970127</marc:subfield><marc:subfield code="h">492 A258 8 1981-82</marc:subfield></marc:datafield></marc:record>