
<marc:record><marc:leader>00923pam a2200265 a 4500</marc:leader>
<marc:controlfield tag="008">920402s1992    enk      b    001 0 eng  </marc:controlfield>
<marc:datafield tag="010" ind1=" " ind2=" "><marc:subfield code="a">   92013874</marc:subfield></marc:datafield><marc:datafield tag="020" ind1=" " ind2=" "><marc:subfield code="a">0192123009 :</marc:subfield><marc:subfield code="c">30.00</marc:subfield></marc:datafield><marc:datafield tag="020" ind1=" " ind2=" "><marc:subfield code="a">0192828746 (pbk.) :</marc:subfield><marc:subfield code="c">9.99</marc:subfield></marc:datafield><marc:datafield tag="040" ind1=" " ind2=" "><marc:subfield code="a">DLC</marc:subfield><marc:subfield code="c">DLC</marc:subfield><marc:subfield code="d">DLC</marc:subfield></marc:datafield><marc:datafield tag="050" ind1="0" ind2="0"><marc:subfield code="a">P306</marc:subfield><marc:subfield code="b">.S66 1992</marc:subfield></marc:datafield><marc:datafield tag="082" ind1="0" ind2="0"><marc:subfield code="a">418/.02</marc:subfield><marc:subfield code="2">20</marc:subfield></marc:datafield><marc:datafield tag="100" ind1="1" ind2=" "><marc:subfield code="a">Steiner, George,</marc:subfield><marc:subfield code="d">1929-</marc:subfield></marc:datafield><marc:datafield tag="245" ind1="1" ind2="0"><marc:subfield code="a">After Babel :</marc:subfield><marc:subfield code="b">aspects of language and translation /</marc:subfield><marc:subfield code="c">George Steiner.</marc:subfield></marc:datafield><marc:datafield tag="250" ind1=" " ind2=" "><marc:subfield code="a">2nd ed.</marc:subfield></marc:datafield><marc:datafield tag="260" ind1=" " ind2=" "><marc:subfield code="a">Oxford ;</marc:subfield><marc:subfield code="a">New York :</marc:subfield><marc:subfield code="b">Oxford University Press,</marc:subfield><marc:subfield code="c">1992.</marc:subfield></marc:datafield><marc:datafield tag="300" ind1=" " ind2=" "><marc:subfield code="a">xviii, 538 p. ;</marc:subfield><marc:subfield code="c">23 cm.</marc:subfield></marc:datafield><marc:datafield tag="504" ind1=" " ind2=" "><marc:subfield code="a">Includes bibliographical references (p. [500]-516) and index.</marc:subfield></marc:datafield><marc:datafield tag="650" ind1=" " ind2="0"><marc:subfield code="a">Translating and interpreting.</marc:subfield></marc:datafield><marc:datafield tag="650" ind1=" " ind2="0"><marc:subfield code="a">Language and languages.</marc:subfield></marc:datafield><marc:datafield tag="035" ind1=" " ind2=" "><marc:subfield code="a">(TxDaGIAL)37741100004905</marc:subfield></marc:datafield><marc:controlfield tag="005">20080624154358.0</marc:controlfield><marc:controlfield tag="001">304</marc:controlfield><marc:controlfield tag="003">TxDaGIAL</marc:controlfield><marc:datafield tag="852" ind1=" " ind2=" "><marc:subfield code="p">37741100004905</marc:subfield><marc:subfield code="a">Library</marc:subfield><marc:subfield code="9">$14.95</marc:subfield><marc:subfield code="x">COPYID:343</marc:subfield><marc:subfield code="x">FSC@aRegular@c19950612</marc:subfield><marc:subfield code="h">418.02 S822a 1992</marc:subfield><marc:subfield code="z">B/T 2-94</marc:subfield></marc:datafield></marc:record>