
<marc:record><marc:leader>00740nam a2200229   4500</marc:leader>
<marc:controlfield tag="008">680301s1968    nju      b    00000 eng  </marc:controlfield>
<marc:datafield tag="010" ind1=" " ind2=" "><marc:subfield code="a">   68011367</marc:subfield></marc:datafield><marc:datafield tag="040" ind1=" " ind2=" "><marc:subfield code="a">DLC</marc:subfield><marc:subfield code="c">DLC</marc:subfield><marc:subfield code="d">TxDaGIAL</marc:subfield></marc:datafield><marc:datafield tag="050" ind1="0" ind2=" "><marc:subfield code="a">HQ734</marc:subfield><marc:subfield code="b">.S67</marc:subfield></marc:datafield><marc:datafield tag="082" ind1=" " ind2=" "><marc:subfield code="a">301.42/6</marc:subfield></marc:datafield><marc:datafield tag="100" ind1="1" ind2="0"><marc:subfield code="a">Small, Dwight Hervey.</marc:subfield></marc:datafield><marc:datafield tag="245" ind1="1" ind2="0"><marc:subfield code="a">After you've said I do :</marc:subfield><marc:subfield code="b">new ways to communicate in marriage.</marc:subfield></marc:datafield><marc:datafield tag="260" ind1="0" ind2=" "><marc:subfield code="a">Westwood, N.J. :</marc:subfield><marc:subfield code="b">Revell,</marc:subfield><marc:subfield code="c">[1968]</marc:subfield></marc:datafield><marc:datafield tag="300" ind1=" " ind2=" "><marc:subfield code="a">256 p. ;</marc:subfield><marc:subfield code="c">21 cm.</marc:subfield></marc:datafield><marc:datafield tag="504" ind1=" " ind2=" "><marc:subfield code="a">Bibliographical references included in &quot;Sources&quot; (p. 245-251).</marc:subfield></marc:datafield><marc:datafield tag="650" ind1=" " ind2="0"><marc:subfield code="a">Marriage.</marc:subfield></marc:datafield><marc:datafield tag="650" ind1=" " ind2="0"><marc:subfield code="a">Communication.</marc:subfield></marc:datafield><marc:datafield tag="035" ind1=" " ind2=" "><marc:subfield code="a">(TxDaGIAL)37741100007838</marc:subfield></marc:datafield><marc:controlfield tag="005">20080624154358.0</marc:controlfield><marc:controlfield tag="001">305</marc:controlfield><marc:controlfield tag="003">TxDaGIAL</marc:controlfield><marc:datafield tag="852" ind1=" " ind2=" "><marc:subfield code="p">37741100007838</marc:subfield><marc:subfield code="a">Library</marc:subfield><marc:subfield code="x">COPYID:344</marc:subfield><marc:subfield code="x">FSC@aRegular@c19950907</marc:subfield><marc:subfield code="h">248.844 S635a 1968</marc:subfield><marc:subfield code="z">3566</marc:subfield></marc:datafield></marc:record>