
<marc:record><marc:leader>00832cam a22002531  4500</marc:leader>
<marc:controlfield tag="008">781106s1937    nyu           00010 eng  </marc:controlfield>
<marc:datafield tag="010" ind1=" " ind2=" "><marc:subfield code="a">   37027240 //r94</marc:subfield></marc:datafield><marc:datafield tag="040" ind1=" " ind2=" "><marc:subfield code="a">DLC</marc:subfield><marc:subfield code="c">DLC</marc:subfield><marc:subfield code="d">DLC</marc:subfield></marc:datafield><marc:datafield tag="050" ind1="0" ind2="0"><marc:subfield code="a">BL310</marc:subfield><marc:subfield code="b">.F715 1937</marc:subfield></marc:datafield><marc:datafield tag="082" ind1="0" ind2="0"><marc:subfield code="a">291</marc:subfield></marc:datafield><marc:datafield tag="100" ind1="1" ind2="0"><marc:subfield code="a">Frazer, James George,</marc:subfield><marc:subfield code="c">Sir,</marc:subfield><marc:subfield code="d">1854-1941.</marc:subfield></marc:datafield><marc:datafield tag="245" ind1="1" ind2="0"><marc:subfield code="a">Aftermath :</marc:subfield><marc:subfield code="b">a supplement to The golden bough /</marc:subfield><marc:subfield code="c">by Sir James George Frazer.</marc:subfield></marc:datafield><marc:datafield tag="260" ind1="0" ind2=" "><marc:subfield code="a">New York :</marc:subfield><marc:subfield code="b">The Macmillan company,</marc:subfield><marc:subfield code="c">1937.</marc:subfield></marc:datafield><marc:datafield tag="300" ind1=" " ind2=" "><marc:subfield code="a">xx p., 1 l., 494 p. ;</marc:subfield><marc:subfield code="c">23 cm.</marc:subfield></marc:datafield><marc:datafield tag="650" ind1=" " ind2="0"><marc:subfield code="a">Mythology.</marc:subfield></marc:datafield><marc:datafield tag="650" ind1=" " ind2="0"><marc:subfield code="a">Religion.</marc:subfield></marc:datafield><marc:datafield tag="650" ind1=" " ind2="0"><marc:subfield code="a">Magic.</marc:subfield></marc:datafield><marc:datafield tag="650" ind1=" " ind2="0"><marc:subfield code="a">Superstition.</marc:subfield></marc:datafield><marc:datafield tag="700" ind1="1" ind2="1"><marc:subfield code="a">Frazer, James George,</marc:subfield><marc:subfield code="c">Sir,</marc:subfield><marc:subfield code="d">1854-1941.</marc:subfield><marc:subfield code="t">Golden bough.</marc:subfield></marc:datafield><marc:datafield tag="035" ind1=" " ind2=" "><marc:subfield code="a">(TxDaGIAL)37741100011558</marc:subfield></marc:datafield><marc:controlfield tag="005">20080624154358.0</marc:controlfield><marc:controlfield tag="001">306</marc:controlfield><marc:controlfield tag="003">TxDaGIAL</marc:controlfield><marc:datafield tag="852" ind1=" " ind2=" "><marc:subfield code="p">37741100011558</marc:subfield><marc:subfield code="a">Library</marc:subfield><marc:subfield code="x">COPYID:345</marc:subfield><marc:subfield code="x">FSC@aRegular@c19960521</marc:subfield><marc:subfield code="h">291 F848ga 1937</marc:subfield><marc:subfield code="z">913</marc:subfield></marc:datafield></marc:record>