
<marc:record><marc:leader>00848cam a2200241Ii 4500</marc:leader>
<marc:controlfield tag="008">750410s1964    enk           00000 eng d</marc:controlfield>
<marc:datafield tag="035" ind1=" " ind2=" "><marc:subfield code="a">(CU-UC)1891846</marc:subfield></marc:datafield><marc:datafield tag="040" ind1=" " ind2=" "><marc:subfield code="c">ZPM</marc:subfield><marc:subfield code="d">CUS</marc:subfield></marc:datafield><marc:datafield tag="041" ind1="1" ind2=" "><marc:subfield code="a">enggre</marc:subfield></marc:datafield><marc:datafield tag="100" ind1="0" ind2="0"><marc:subfield code="a">Demosthenes.</marc:subfield></marc:datafield><marc:datafield tag="240" ind1="1" ind2="0"><marc:subfield code="a">Selected works.</marc:subfield><marc:subfield code="l">English &amp; Greek</marc:subfield></marc:datafield><marc:datafield tag="245" ind1="1" ind2="0"><marc:subfield code="a">Against Meidias, Androtion, Aristocrates, Timocrates, Aristogeiton. /</marc:subfield><marc:subfield code="c">With an English translation by J.H. Vince.</marc:subfield></marc:datafield><marc:datafield tag="260" ind1="0" ind2=" "><marc:subfield code="a">London :</marc:subfield><marc:subfield code="b">Heinemann ;</marc:subfield><marc:subfield code="a">Cambridge :</marc:subfield><marc:subfield code="b">Harvard University Press,</marc:subfield><marc:subfield code="c">1964.</marc:subfield></marc:datafield><marc:datafield tag="300" ind1=" " ind2=" "><marc:subfield code="a">596 p.</marc:subfield></marc:datafield><marc:datafield tag="440" ind1=" " ind2="0"><marc:subfield code="a">Loeb classical library</marc:subfield></marc:datafield><marc:datafield tag="500" ind1=" " ind2=" "><marc:subfield code="a">Greek and English on opposite pages.</marc:subfield></marc:datafield><marc:datafield tag="546" ind1=" " ind2=" "><marc:subfield code="a">English.</marc:subfield></marc:datafield><marc:datafield tag="700" ind1="1" ind2="0"><marc:subfield code="a">Vince, J. H.</marc:subfield><marc:subfield code="q">(James Herbert),</marc:subfield><marc:subfield code="d">b. 1865.</marc:subfield></marc:datafield><marc:datafield tag="035" ind1=" " ind2=" "><marc:subfield code="a">(TxDaGIAL)37741100017074</marc:subfield></marc:datafield><marc:controlfield tag="005">20080624154358.0</marc:controlfield><marc:controlfield tag="001">307</marc:controlfield><marc:controlfield tag="003">TxDaGIAL</marc:controlfield><marc:datafield tag="852" ind1=" " ind2=" "><marc:subfield code="p">37741100017074</marc:subfield><marc:subfield code="a">Library</marc:subfield><marc:subfield code="x">COPYID:346</marc:subfield><marc:subfield code="x">FSC@aRegular@c19970423</marc:subfield><marc:subfield code="h">885 D387 3 1964</marc:subfield></marc:datafield></marc:record>