
<marc:record><marc:leader>00876cam a2200241 a 4500</marc:leader>
<marc:controlfield tag="008">840309m19799999ph a         s00000 eng  </marc:controlfield>
<marc:datafield tag="010" ind1=" " ind2=" "><marc:subfield code="a">   82157051 //r88</marc:subfield></marc:datafield><marc:datafield tag="043" ind1=" " ind2=" "><marc:subfield code="a">a-ph---</marc:subfield></marc:datafield><marc:datafield tag="050" ind1="0" ind2=" "><marc:subfield code="a">GR326.2.M37</marc:subfield><marc:subfield code="b">A37 1979</marc:subfield></marc:datafield><marc:datafield tag="082" ind1="0" ind2=" "><marc:subfield code="a">398.2/09599</marc:subfield><marc:subfield code="2">19</marc:subfield></marc:datafield><marc:datafield tag="245" ind1="0" ind2="4"><marc:subfield code="a">The Agamaniyog folktales.</marc:subfield></marc:datafield><marc:datafield tag="260" ind1="0" ind2=" "><marc:subfield code="a">Marawi City :</marc:subfield><marc:subfield code="b">University Research Center, Mindanao State University,</marc:subfield><marc:subfield code="c">1979.</marc:subfield></marc:datafield><marc:datafield tag="300" ind1=" " ind2=" "><marc:subfield code="a">v. &lt;1-   &gt; :</marc:subfield><marc:subfield code="b">ill., ports. ;</marc:subfield><marc:subfield code="c">26 cm.</marc:subfield></marc:datafield><marc:datafield tag="490" ind1="1" ind2=" "><marc:subfield code="a">Mindanao art and culture ;</marc:subfield><marc:subfield code="v">no. 1</marc:subfield></marc:datafield><marc:datafield tag="650" ind1=" " ind2="0"><marc:subfield code="a">Maranao (Philippine people)</marc:subfield><marc:subfield code="v">Folklore.</marc:subfield></marc:datafield><marc:datafield tag="650" ind1=" " ind2="0"><marc:subfield code="a">Tales</marc:subfield><marc:subfield code="z">Philippines.</marc:subfield></marc:datafield><marc:datafield tag="710" ind1="2" ind2="0"><marc:subfield code="a">Mindanao State University.</marc:subfield><marc:subfield code="b">University Research Center.</marc:subfield></marc:datafield><marc:datafield tag="830" ind1=" " ind2="0"><marc:subfield code="a">Mindanao art and culture ;</marc:subfield><marc:subfield code="v">no. 1, etc.</marc:subfield></marc:datafield><marc:datafield tag="035" ind1=" " ind2=" "><marc:subfield code="a">(TxDaGIAL)37741100010479</marc:subfield></marc:datafield><marc:controlfield tag="005">20080624154358.0</marc:controlfield><marc:controlfield tag="001">308</marc:controlfield><marc:controlfield tag="003">TxDaGIAL</marc:controlfield><marc:datafield tag="852" ind1=" " ind2=" "><marc:subfield code="p">37741100010479</marc:subfield><marc:subfield code="a">Library</marc:subfield><marc:subfield code="x">COPYID:347</marc:subfield><marc:subfield code="x">FSC@aRegular@c19960401</marc:subfield><marc:subfield code="h">398.209599 A259 1979</marc:subfield><marc:subfield code="z">13605</marc:subfield></marc:datafield></marc:record>