
<marc:record><marc:leader>01076nam a2200265 a 4500</marc:leader>
<marc:controlfield tag="008">810505s1942    nyua          001 0 eng  </marc:controlfield>
<marc:datafield tag="040" ind1=" " ind2=" "><marc:subfield code="d">TxDaGIAL</marc:subfield></marc:datafield><marc:datafield tag="043" ind1=" " ind2=" "><marc:subfield code="a">e------</marc:subfield><marc:subfield code="a">ff-----</marc:subfield><marc:subfield code="a">aw-----</marc:subfield></marc:datafield><marc:datafield tag="050" ind1="1" ind2="4"><marc:subfield code="a">BL721</marc:subfield><marc:subfield code="b">.B84 1942</marc:subfield></marc:datafield><marc:datafield tag="082" ind1="0" ind2="0"><marc:subfield code="a">292/.13</marc:subfield><marc:subfield code="2">19</marc:subfield></marc:datafield><marc:datafield tag="100" ind1="1" ind2="0"><marc:subfield code="a">Bulfinch, Thomas,</marc:subfield><marc:subfield code="d">1796-1867.</marc:subfield></marc:datafield><marc:datafield tag="245" ind1="1" ind2="4"><marc:subfield code="a">The age of fable :</marc:subfield><marc:subfield code="b">or the beauties of mythology /</marc:subfield><marc:subfield code="c">Thomas Bullfinch ; with notes, revisions and additions by W. H. Klapp; and illustrations by Stanley William Hayter.</marc:subfield></marc:datafield><marc:datafield tag="260" ind1="0" ind2=" "><marc:subfield code="a">New York, N.Y. :</marc:subfield><marc:subfield code="b">Heritage Press,</marc:subfield><marc:subfield code="c">c1942.</marc:subfield></marc:datafield><marc:datafield tag="300" ind1=" " ind2=" "><marc:subfield code="a">xvii, 369 p. :</marc:subfield><marc:subfield code="b">ill. ;</marc:subfield><marc:subfield code="c">25 cm.</marc:subfield></marc:datafield><marc:datafield tag="500" ind1=" " ind2=" "><marc:subfield code="a">An edition of The age of fable, the first book of the author's Mythology.</marc:subfield></marc:datafield><marc:datafield tag="500" ind1=" " ind2=" "><marc:subfield code="a">Includes index of names.</marc:subfield></marc:datafield><marc:datafield tag="650" ind1=" " ind2="0"><marc:subfield code="a">Mythology, Classical.</marc:subfield></marc:datafield><marc:datafield tag="650" ind1=" " ind2="0"><marc:subfield code="a">Mythology, Classical, in art.</marc:subfield></marc:datafield><marc:datafield tag="700" ind1="1" ind2="0"><marc:subfield code="a">Klapp, William H.</marc:subfield><marc:subfield code="q">(William Henry),</marc:subfield><marc:subfield code="d">1849-1924.</marc:subfield></marc:datafield><marc:datafield tag="700" ind1="1" ind2="0"><marc:subfield code="a">Hayter, Stanley William,</marc:subfield><marc:subfield code="d">1901-</marc:subfield></marc:datafield><marc:datafield tag="035" ind1=" " ind2=" "><marc:subfield code="a">(TxDaGIAL)37741100018749</marc:subfield></marc:datafield><marc:controlfield tag="005">20080624154359.0</marc:controlfield><marc:controlfield tag="001">311</marc:controlfield><marc:controlfield tag="003">TxDaGIAL</marc:controlfield><marc:datafield tag="852" ind1=" " ind2=" "><marc:subfield code="p">37741100018749</marc:subfield><marc:subfield code="a">Library</marc:subfield><marc:subfield code="x">COPYID:350</marc:subfield><marc:subfield code="x">FSC@aRegular@c19970702</marc:subfield><marc:subfield code="h">292.13 B933a 1942</marc:subfield><marc:subfield code="z">701</marc:subfield></marc:datafield></marc:record>