
<marc:record><marc:leader>00934pam a2200277 i 4500</marc:leader>
<marc:controlfield tag="008">800102s1980    nyu      b    00110 eng  </marc:controlfield>
<marc:datafield tag="010" ind1=" " ind2=" "><marc:subfield code="a">   79028647</marc:subfield></marc:datafield><marc:datafield tag="020" ind1=" " ind2=" "><marc:subfield code="a">023104920X :</marc:subfield><marc:subfield code="c">$20.00 (est.)</marc:subfield></marc:datafield><marc:datafield tag="020" ind1=" " ind2=" "><marc:subfield code="a">0231049218 (pbk.) :</marc:subfield><marc:subfield code="c">$5.95</marc:subfield></marc:datafield><marc:datafield tag="040" ind1=" " ind2=" "><marc:subfield code="a">DLC</marc:subfield><marc:subfield code="c">DLC</marc:subfield></marc:datafield><marc:datafield tag="043" ind1=" " ind2=" "><marc:subfield code="a">e-fr---</marc:subfield></marc:datafield><marc:datafield tag="050" ind1="0" ind2=" "><marc:subfield code="a">B2424.S75</marc:subfield><marc:subfield code="b">K87</marc:subfield></marc:datafield><marc:datafield tag="082" ind1=" " ind2=" "><marc:subfield code="a">149/.96/0944</marc:subfield></marc:datafield><marc:datafield tag="100" ind1="1" ind2="0"><marc:subfield code="a">Kurzweil, Edith.</marc:subfield></marc:datafield><marc:datafield tag="245" ind1="1" ind2="4"><marc:subfield code="a">The age of structuralism :</marc:subfield><marc:subfield code="b">Lvi-Strauss to Foucault /</marc:subfield><marc:subfield code="c">Edith Kurzweil.</marc:subfield></marc:datafield><marc:datafield tag="260" ind1="0" ind2=" "><marc:subfield code="a">New York :</marc:subfield><marc:subfield code="b">Columbia University Press,</marc:subfield><marc:subfield code="c">1980.</marc:subfield></marc:datafield><marc:datafield tag="300" ind1=" " ind2=" "><marc:subfield code="a">xi, 256 p. ;</marc:subfield><marc:subfield code="c">24 cm.</marc:subfield></marc:datafield><marc:datafield tag="504" ind1=" " ind2=" "><marc:subfield code="a">Includes bibliographies and index.</marc:subfield></marc:datafield><marc:datafield tag="650" ind1=" " ind2="0"><marc:subfield code="a">Structuralism</marc:subfield><marc:subfield code="x">History.</marc:subfield></marc:datafield><marc:datafield tag="650" ind1=" " ind2="0"><marc:subfield code="a">Philosophy, French</marc:subfield><marc:subfield code="y">20th century.</marc:subfield></marc:datafield><marc:datafield tag="651" ind1=" " ind2="0"><marc:subfield code="a">France</marc:subfield><marc:subfield code="x">Intellectual life.</marc:subfield></marc:datafield><marc:datafield tag="035" ind1=" " ind2=" "><marc:subfield code="a">(TxDaGIAL)37741100005710</marc:subfield></marc:datafield><marc:controlfield tag="005">20080624154359.0</marc:controlfield><marc:controlfield tag="001">312</marc:controlfield><marc:controlfield tag="003">TxDaGIAL</marc:controlfield><marc:datafield tag="852" ind1=" " ind2=" "><marc:subfield code="p">37741100005710</marc:subfield><marc:subfield code="a">Library</marc:subfield><marc:subfield code="x">COPYID:351</marc:subfield><marc:subfield code="x">FSC@aRegular@c19950711</marc:subfield><marc:subfield code="h">149.96 K96g 1980</marc:subfield><marc:subfield code="z">Steven Armes gift 11377</marc:subfield></marc:datafield></marc:record>