
<marc:record><marc:leader>00956cam a2200277 i 4500</marc:leader>
<marc:controlfield tag="008">710317s1970    njua     b    00000 eng  </marc:controlfield>
<marc:datafield tag="010" ind1=" " ind2=" "><marc:subfield code="a">   76110089</marc:subfield></marc:datafield><marc:datafield tag="020" ind1=" " ind2=" "><marc:subfield code="a">0130186899</marc:subfield></marc:datafield><marc:datafield tag="040" ind1=" " ind2=" "><marc:subfield code="a">DLC</marc:subfield><marc:subfield code="c">DLC</marc:subfield><marc:subfield code="d">TxDaSIL</marc:subfield></marc:datafield><marc:datafield tag="043" ind1=" " ind2=" "><marc:subfield code="a">n-mx---</marc:subfield></marc:datafield><marc:datafield tag="050" ind1="0" ind2=" "><marc:subfield code="a">HD325</marc:subfield><marc:subfield code="b">.F7</marc:subfield></marc:datafield><marc:datafield tag="082" ind1=" " ind2=" "><marc:subfield code="a">301.5/1</marc:subfield></marc:datafield><marc:datafield tag="100" ind1="1" ind2="0"><marc:subfield code="a">Friedrich, Paul,</marc:subfield><marc:subfield code="d">1927-</marc:subfield></marc:datafield><marc:datafield tag="245" ind1="1" ind2="0"><marc:subfield code="a">Agrarian revolt in a Mexican village /</marc:subfield><marc:subfield code="c">Paul Friedrich.</marc:subfield></marc:datafield><marc:datafield tag="260" ind1="0" ind2=" "><marc:subfield code="a">Englewood Cliffs, N.J. :</marc:subfield><marc:subfield code="b">Prentice-Hall,</marc:subfield><marc:subfield code="c">c1970.</marc:subfield></marc:datafield><marc:datafield tag="300" ind1=" " ind2=" "><marc:subfield code="a">xvi, 158 p. :</marc:subfield><marc:subfield code="b">ill., maps, ports. ;</marc:subfield><marc:subfield code="c">23 cm.</marc:subfield></marc:datafield><marc:datafield tag="440" ind1=" " ind2="0"><marc:subfield code="a">Anthropology of modern societies series</marc:subfield></marc:datafield><marc:datafield tag="504" ind1=" " ind2=" "><marc:subfield code="a">Bibliography: p. 151-158.</marc:subfield></marc:datafield><marc:datafield tag="650" ind1=" " ind2="0"><marc:subfield code="a">Land reform</marc:subfield><marc:subfield code="z">Mexico</marc:subfield><marc:subfield code="v">Case studies.</marc:subfield></marc:datafield><marc:datafield tag="651" ind1=" " ind2="0"><marc:subfield code="a">Mexico</marc:subfield><marc:subfield code="x">Politics and government</marc:subfield><marc:subfield code="v">Case studies.</marc:subfield></marc:datafield><marc:datafield tag="651" ind1=" " ind2="0"><marc:subfield code="a">Mexico</marc:subfield><marc:subfield code="x">Rural conditions</marc:subfield><marc:subfield code="v">Case studies.</marc:subfield></marc:datafield><marc:datafield tag="035" ind1=" " ind2=" "><marc:subfield code="a">(TxDaGIAL)37741100008976</marc:subfield></marc:datafield><marc:controlfield tag="005">20080624154359.0</marc:controlfield><marc:controlfield tag="001">314</marc:controlfield><marc:controlfield tag="003">TxDaGIAL</marc:controlfield><marc:datafield tag="852" ind1=" " ind2=" "><marc:subfield code="p">37741100008976</marc:subfield><marc:subfield code="a">Library</marc:subfield><marc:subfield code="x">COPYID:353</marc:subfield><marc:subfield code="x">FSC@aRegular@c19951023</marc:subfield><marc:subfield code="h">333.318 F911 1970</marc:subfield><marc:subfield code="z">8301</marc:subfield></marc:datafield></marc:record>