
<marc:record><marc:leader>01236nam a2200265   4500</marc:leader>
<marc:controlfield tag="008">710524s1970    nyua     b    00100 eng  </marc:controlfield>
<marc:datafield tag="010" ind1=" " ind2=" "><marc:subfield code="a">   71024161</marc:subfield></marc:datafield><marc:datafield tag="040" ind1=" " ind2=" "><marc:subfield code="a">DLC</marc:subfield><marc:subfield code="c">DLC</marc:subfield></marc:datafield><marc:datafield tag="043" ind1=" " ind2=" "><marc:subfield code="a">as-----</marc:subfield></marc:datafield><marc:datafield tag="050" ind1="0" ind2=" "><marc:subfield code="a">HD9046.A82</marc:subfield><marc:subfield code="b">A67</marc:subfield></marc:datafield><marc:datafield tag="082" ind1=" " ind2=" "><marc:subfield code="a">338.1/0959</marc:subfield></marc:datafield><marc:datafield tag="245" ind1="0" ind2="0"><marc:subfield code="a">Agricultural revolution in Southeast Asia :</marc:subfield><marc:subfield code="b">report.</marc:subfield></marc:datafield><marc:datafield tag="260" ind1="0" ind2=" "><marc:subfield code="a">[New York :</marc:subfield><marc:subfield code="b">Asia Society,</marc:subfield><marc:subfield code="c">1970]</marc:subfield></marc:datafield><marc:datafield tag="300" ind1=" " ind2=" "><marc:subfield code="a">2 v. :</marc:subfield><marc:subfield code="b">illus. ;</marc:subfield><marc:subfield code="c">24 cm.</marc:subfield></marc:datafield><marc:datafield tag="504" ind1=" " ind2=" "><marc:subfield code="a">Includes bibliographical references.</marc:subfield></marc:datafield><marc:datafield tag="505" ind1="0" ind2=" "><marc:subfield code="a">v. 1. Impact on grain production and trade; report of a SEADAG rural development seminar meeting, Honolulu, June 19-21, 1969.--v. 2. Consequences for development; report of the second SEADAG international conference on development in Southeast Asia, New York, June 24-26, 1969.</marc:subfield></marc:datafield><marc:datafield tag="650" ind1=" " ind2="0"><marc:subfield code="a">Grain trade</marc:subfield><marc:subfield code="z">Asia, Southeastern</marc:subfield><marc:subfield code="v">Congresses.</marc:subfield></marc:datafield><marc:datafield tag="650" ind1=" " ind2="0"><marc:subfield code="a">Agriculture</marc:subfield><marc:subfield code="x">Economic aspects</marc:subfield><marc:subfield code="z">Asia, Southeastern</marc:subfield><marc:subfield code="v">Congresses.</marc:subfield></marc:datafield><marc:datafield tag="710" ind1="2" ind2="0"><marc:subfield code="a">Southeast Asia Development Advisory Group.</marc:subfield></marc:datafield><marc:datafield tag="035" ind1=" " ind2=" "><marc:subfield code="a">(TxDaGIAL)37741100006116</marc:subfield></marc:datafield><marc:controlfield tag="005">20080624154400.0</marc:controlfield><marc:controlfield tag="001">317</marc:controlfield><marc:controlfield tag="003">TxDaGIAL</marc:controlfield><marc:datafield tag="852" ind1=" " ind2=" "><marc:subfield code="p">37741100006116</marc:subfield><marc:subfield code="a">Library</marc:subfield><marc:subfield code="x">COPYID:356</marc:subfield><marc:subfield code="x">FSC@aRegular@c19950802</marc:subfield><marc:subfield code="h">338.10959 S438a vol.1 1970</marc:subfield></marc:datafield><marc:datafield tag="852" ind1=" " ind2=" "><marc:subfield code="p">37741100006117</marc:subfield><marc:subfield code="a">Library</marc:subfield><marc:subfield code="x">COPYID:357</marc:subfield><marc:subfield code="x">FSC@aRegular@c19950802</marc:subfield><marc:subfield code="h">338.10959 S438a vol.2 1970</marc:subfield></marc:datafield></marc:record>