
<marc:record><marc:leader>01273cam a2200289 i 4500</marc:leader>
<marc:controlfield tag="008">790228r19791917nyua     b    000 0 eng  </marc:controlfield>
<marc:datafield tag="010" ind1=" " ind2=" "><marc:subfield code="a">   76043892 //r953</marc:subfield></marc:datafield><marc:datafield tag="020" ind1=" " ind2=" "><marc:subfield code="a">0404157548</marc:subfield></marc:datafield><marc:datafield tag="040" ind1=" " ind2=" "><marc:subfield code="a">DLC</marc:subfield><marc:subfield code="c">DLC</marc:subfield><marc:subfield code="d">DLC</marc:subfield></marc:datafield><marc:datafield tag="043" ind1=" " ind2=" "><marc:subfield code="a">np-----</marc:subfield></marc:datafield><marc:datafield tag="050" ind1="0" ind2="0"><marc:subfield code="a">E99.H6</marc:subfield><marc:subfield code="b">W337 1979</marc:subfield></marc:datafield><marc:datafield tag="082" ind1="0" ind2="0"><marc:subfield code="a">338.1/09784/82</marc:subfield></marc:datafield><marc:datafield tag="100" ind1="0" ind2="0"><marc:subfield code="a">Waheenee,</marc:subfield><marc:subfield code="d">1839?-</marc:subfield></marc:datafield><marc:datafield tag="245" ind1="1" ind2="0"><marc:subfield code="a">Agriculture of the Hidatsa Indians :</marc:subfield><marc:subfield code="b">an Indian interpretation /</marc:subfield><marc:subfield code="c">by Gilbert Livingstone Wilson.</marc:subfield></marc:datafield><marc:datafield tag="260" ind1="0" ind2=" "><marc:subfield code="a">New York :</marc:subfield><marc:subfield code="b">AMS Press,</marc:subfield><marc:subfield code="c">1979.</marc:subfield></marc:datafield><marc:datafield tag="300" ind1=" " ind2=" "><marc:subfield code="a">viii, 129 p., [4] leaves of plates :</marc:subfield><marc:subfield code="b">ill. ;</marc:subfield><marc:subfield code="c">24 cm.</marc:subfield></marc:datafield><marc:datafield tag="500" ind1=" " ind2=" "><marc:subfield code="a">Originally presented as the author's thesis, University of Minnesota, 1916.</marc:subfield></marc:datafield><marc:datafield tag="500" ind1=" " ind2=" "><marc:subfield code="a">Reprint of the 1917 ed. published by University of Minnesota, Minneapolis, which was issued as no. 9 of Studies in the social sciences and the Nov. 1917 Bulletin of the University of Minnesota.</marc:subfield></marc:datafield><marc:datafield tag="504" ind1=" " ind2=" "><marc:subfield code="a">Includes bibliographical references.</marc:subfield></marc:datafield><marc:datafield tag="650" ind1=" " ind2="0"><marc:subfield code="a">Hidatsa Indians</marc:subfield><marc:subfield code="x">Agriculture.</marc:subfield></marc:datafield><marc:datafield tag="700" ind1="1" ind2="0"><marc:subfield code="a">Wilson, Gilbert Livingstone,</marc:subfield><marc:subfield code="d">1868-1930.</marc:subfield></marc:datafield><marc:datafield tag="810" ind1="1" ind2=" "><marc:subfield code="a">Minnesota.</marc:subfield><marc:subfield code="b">University.</marc:subfield><marc:subfield code="t">Studies in the social sciences ;</marc:subfield><marc:subfield code="v">no. 9.</marc:subfield></marc:datafield><marc:datafield tag="035" ind1=" " ind2=" "><marc:subfield code="a">(TxDaGIAL)37741100015228</marc:subfield></marc:datafield><marc:controlfield tag="005">20080624154400.0</marc:controlfield><marc:controlfield tag="001">318</marc:controlfield><marc:controlfield tag="003">TxDaGIAL</marc:controlfield><marc:datafield tag="852" ind1=" " ind2=" "><marc:subfield code="p">37741100015228</marc:subfield><marc:subfield code="a">Library</marc:subfield><marc:subfield code="x">COPYID:358</marc:subfield><marc:subfield code="x">FSC@aRegular@c19970219</marc:subfield><marc:subfield code="h">970.00497 H632w 1979</marc:subfield><marc:subfield code="z">8550</marc:subfield></marc:datafield></marc:record>