
<marc:record><marc:leader>00503nam a2200157 u 4500</marc:leader>
<marc:controlfield tag="008">830203s1978    nyu           00011 eng d</marc:controlfield>
<marc:datafield tag="100" ind1="1" ind2=" "><marc:subfield code="a">Matane, Paulias.</marc:subfield></marc:datafield><marc:datafield tag="245" ind1="1" ind2="0"><marc:subfield code="a">Aimbe, the magician /</marc:subfield><marc:subfield code="c">by Paulias Matane.</marc:subfield></marc:datafield><marc:datafield tag="250" ind1=" " ind2=" "><marc:subfield code="a">1st ed.</marc:subfield></marc:datafield><marc:datafield tag="260" ind1=" " ind2=" "><marc:subfield code="a">New York ;</marc:subfield><marc:subfield code="a">Washington [etc.] :</marc:subfield><marc:subfield code="b">Vantage Press,</marc:subfield><marc:subfield code="c">c1978.</marc:subfield></marc:datafield><marc:datafield tag="300" ind1=" " ind2=" "><marc:subfield code="a">112 p. ;</marc:subfield><marc:subfield code="c">21 cm.</marc:subfield></marc:datafield><marc:datafield tag="035" ind1=" " ind2=" "><marc:subfield code="a">(TxDaGIAL)37741100014185</marc:subfield></marc:datafield><marc:controlfield tag="005">20080624154401.0</marc:controlfield><marc:controlfield tag="001">319</marc:controlfield><marc:controlfield tag="003">TxDaGIAL</marc:controlfield><marc:datafield tag="852" ind1=" " ind2=" "><marc:subfield code="p">37741100014185</marc:subfield><marc:subfield code="a">Library</marc:subfield><marc:subfield code="x">COPYID:359</marc:subfield><marc:subfield code="x">FSC@aRegular@c19961212</marc:subfield><marc:subfield code="h">823 M425 1978</marc:subfield><marc:subfield code="z">6256</marc:subfield></marc:datafield></marc:record>