
<marc:record><marc:leader>00667nam a2200217 i 4500</marc:leader>
<marc:controlfield tag="008">790321s1979    nyu           00011 eng  </marc:controlfield>
<marc:datafield tag="010" ind1=" " ind2=" "><marc:subfield code="a">   78057988</marc:subfield></marc:datafield><marc:datafield tag="020" ind1=" " ind2=" "><marc:subfield code="a">0682492302 :</marc:subfield><marc:subfield code="c">$12.50</marc:subfield></marc:datafield><marc:datafield tag="040" ind1=" " ind2=" "><marc:subfield code="a">DLC</marc:subfield><marc:subfield code="c">DLC</marc:subfield><marc:subfield code="d">TxDaGIAL</marc:subfield></marc:datafield><marc:datafield tag="050" ind1="0" ind2=" "><marc:subfield code="a">PZ4.M4237</marc:subfield><marc:subfield code="b">Aj</marc:subfield><marc:subfield code="a">PR9655.9.M37</marc:subfield></marc:datafield><marc:datafield tag="082" ind1=" " ind2=" "><marc:subfield code="a">823</marc:subfield></marc:datafield><marc:datafield tag="100" ind1="1" ind2="0"><marc:subfield code="a">Matane, Paulias.</marc:subfield></marc:datafield><marc:datafield tag="245" ind1="1" ind2="0"><marc:subfield code="a">Aimbe, the pastor :</marc:subfield><marc:subfield code="b">a novel /</marc:subfield><marc:subfield code="c">by Paulias Matane.</marc:subfield></marc:datafield><marc:datafield tag="250" ind1=" " ind2=" "><marc:subfield code="a">1st ed.</marc:subfield></marc:datafield><marc:datafield tag="260" ind1="0" ind2=" "><marc:subfield code="a">Hicksville, N.Y. :</marc:subfield><marc:subfield code="b">Exposition Press,</marc:subfield><marc:subfield code="c">c1979.</marc:subfield></marc:datafield><marc:datafield tag="300" ind1=" " ind2=" "><marc:subfield code="a">328 p. ;</marc:subfield><marc:subfield code="c">24 cm.</marc:subfield></marc:datafield><marc:datafield tag="035" ind1=" " ind2=" "><marc:subfield code="a">(TxDaGIAL)37741100009547</marc:subfield></marc:datafield><marc:controlfield tag="005">20080624154401.0</marc:controlfield><marc:controlfield tag="001">320</marc:controlfield><marc:controlfield tag="003">TxDaGIAL</marc:controlfield><marc:datafield tag="852" ind1=" " ind2=" "><marc:subfield code="p">37741100009547</marc:subfield><marc:subfield code="a">Library</marc:subfield><marc:subfield code="x">COPYID:360</marc:subfield><marc:subfield code="x">FSC@aRegular@c19951114</marc:subfield><marc:subfield code="h">823 M425a 1979</marc:subfield><marc:subfield code="z">6207</marc:subfield></marc:datafield></marc:record>