
<marc:record><marc:leader>00609nam a22001817a 4500</marc:leader>
<marc:controlfield tag="008">970408s1974    ve ab         000 0 sai d</marc:controlfield>
<marc:datafield tag="040" ind1=" " ind2=" "><marc:subfield code="a">TxDaGIAL</marc:subfield><marc:subfield code="c">TxDaGIAL</marc:subfield></marc:datafield><marc:datafield tag="041" ind1="0" ind2=" "><marc:subfield code="a">sai</marc:subfield></marc:datafield><marc:datafield tag="130" ind1="0" ind2=" "><marc:subfield code="a">Bible.</marc:subfield><marc:subfield code="p">N.T.</marc:subfield><marc:subfield code="l">Warao.</marc:subfield><marc:subfield code="f">1974.</marc:subfield></marc:datafield><marc:datafield tag="245" ind1="1" ind2="0"><marc:subfield code="a">Ajute Jiro :</marc:subfield><marc:subfield code="b">el Nuevo Testamento en Warao.</marc:subfield></marc:datafield><marc:datafield tag="260" ind1=" " ind2=" "><marc:subfield code="a">Caracas, Venezuela :</marc:subfield><marc:subfield code="b">Sociedad Bblica de Venezuela,</marc:subfield><marc:subfield code="c">1974.</marc:subfield></marc:datafield><marc:datafield tag="300" ind1=" " ind2=" "><marc:subfield code="a">607, [iii] p. :</marc:subfield><marc:subfield code="b">ill., maps ;</marc:subfield><marc:subfield code="c">18 cm.</marc:subfield></marc:datafield><marc:datafield tag="035" ind1=" " ind2=" "><marc:subfield code="a">(TxDaGIAL)37741100016596</marc:subfield></marc:datafield><marc:datafield tag="590" ind1=" " ind2=" "><marc:subfield code="l">wba</marc:subfield><marc:subfield code="2">ISO 639-3</marc:subfield></marc:datafield><marc:controlfield tag="005">20081217191957.0</marc:controlfield><marc:controlfield tag="001">321</marc:controlfield><marc:controlfield tag="003">TxDaGIAL</marc:controlfield><marc:datafield tag="852" ind1=" " ind2=" "><marc:subfield code="p">37741100016596</marc:subfield><marc:subfield code="a">Library</marc:subfield><marc:subfield code="x">COPYID:361</marc:subfield><marc:subfield code="x">FSC@aRegular@c19970409</marc:subfield><marc:subfield code="h">225.598 W253 1974</marc:subfield><marc:subfield code="z">11625</marc:subfield></marc:datafield></marc:record>