
<marc:record><marc:leader>00971pam a2200301 a 4500</marc:leader>
<marc:controlfield tag="008">830708s1984    nju      b    00100 eng  </marc:controlfield>
<marc:datafield tag="010" ind1=" " ind2=" "><marc:subfield code="a">   83014423</marc:subfield></marc:datafield><marc:datafield tag="020" ind1=" " ind2=" "><marc:subfield code="a">0810816490</marc:subfield></marc:datafield><marc:datafield tag="040" ind1=" " ind2=" "><marc:subfield code="a">DLC</marc:subfield><marc:subfield code="c">DLC</marc:subfield></marc:datafield><marc:datafield tag="050" ind1="0" ind2=" "><marc:subfield code="a">Z693</marc:subfield><marc:subfield code="b">.A52 1984</marc:subfield></marc:datafield><marc:datafield tag="082" ind1="0" ind2=" "><marc:subfield code="a">025.3</marc:subfield><marc:subfield code="2">19</marc:subfield></marc:datafield><marc:datafield tag="100" ind1="1" ind2="0"><marc:subfield code="a">Akers, Susan Grey,</marc:subfield><marc:subfield code="d">1889-</marc:subfield></marc:datafield><marc:datafield tag="240" ind1="1" ind2="0"><marc:subfield code="a">Simple library cataloging.</marc:subfield></marc:datafield><marc:datafield tag="245" ind1="1" ind2="0"><marc:subfield code="a">Akers' Simple library cataloging.</marc:subfield></marc:datafield><marc:datafield tag="250" ind1=" " ind2=" "><marc:subfield code="a">7th ed. /</marc:subfield><marc:subfield code="b">completely revised and rewritten by Arthur Curley and Jana Varlejs.</marc:subfield></marc:datafield><marc:datafield tag="260" ind1="0" ind2=" "><marc:subfield code="a">Metuchen, N.J. :</marc:subfield><marc:subfield code="b">Scarecrow Press,</marc:subfield><marc:subfield code="c">1984.</marc:subfield></marc:datafield><marc:datafield tag="300" ind1=" " ind2=" "><marc:subfield code="a">v, 375 p. ;</marc:subfield><marc:subfield code="c">22 cm.</marc:subfield></marc:datafield><marc:datafield tag="504" ind1=" " ind2=" "><marc:subfield code="a">Bibliography: p. 358-360.</marc:subfield></marc:datafield><marc:datafield tag="500" ind1=" " ind2=" "><marc:subfield code="a">Includes index.</marc:subfield></marc:datafield><marc:datafield tag="650" ind1=" " ind2="0"><marc:subfield code="a">Cataloging.</marc:subfield></marc:datafield><marc:datafield tag="700" ind1="1" ind2="0"><marc:subfield code="a">Curley, Arthur.</marc:subfield></marc:datafield><marc:datafield tag="700" ind1="1" ind2="0"><marc:subfield code="a">Varlejs, Jana.</marc:subfield></marc:datafield><marc:datafield tag="740" ind1="0" ind2="1"><marc:subfield code="a">Simple library cataloging.</marc:subfield></marc:datafield><marc:datafield tag="035" ind1=" " ind2=" "><marc:subfield code="a">(TxDaGIAL)37741100003450</marc:subfield></marc:datafield><marc:controlfield tag="005">20080624154401.0</marc:controlfield><marc:controlfield tag="001">322</marc:controlfield><marc:controlfield tag="003">TxDaGIAL</marc:controlfield><marc:datafield tag="852" ind1=" " ind2=" "><marc:subfield code="p">37741100003450</marc:subfield><marc:subfield code="a">Library</marc:subfield><marc:subfield code="x">COPYID:362</marc:subfield><marc:subfield code="x">FSC@aRegular@c19950413</marc:subfield><marc:subfield code="h">025.3 A315a 1977</marc:subfield><marc:subfield code="z">orig. acc. no. 5373</marc:subfield></marc:datafield></marc:record>