
<marc:record><marc:leader>01070cam a2200265 a 4500</marc:leader>
<marc:controlfield tag="008">800909s1980    ilu      b    00100 eng  </marc:controlfield>
<marc:datafield tag="010" ind1=" " ind2=" "><marc:subfield code="a">   80022186 //r84</marc:subfield></marc:datafield><marc:datafield tag="020" ind1=" " ind2=" "><marc:subfield code="a">083893255X :</marc:subfield><marc:subfield code="c">$4.25 (est.)</marc:subfield></marc:datafield><marc:datafield tag="040" ind1=" " ind2=" "><marc:subfield code="a">DLC</marc:subfield><marc:subfield code="c">DLC</marc:subfield></marc:datafield><marc:datafield tag="050" ind1="0" ind2=" "><marc:subfield code="a">Z695.95</marc:subfield><marc:subfield code="b">.A52 1980</marc:subfield></marc:datafield><marc:datafield tag="082" ind1="0" ind2=" "><marc:subfield code="a">025.3/17</marc:subfield><marc:subfield code="2">19</marc:subfield></marc:datafield><marc:datafield tag="082" ind1="0" ind2="4"><marc:subfield code="a">025.3/17/7</marc:subfield><marc:subfield code="2">21</marc:subfield></marc:datafield><marc:datafield tag="110" ind1="2" ind2="0"><marc:subfield code="a">American Library Association.</marc:subfield><marc:subfield code="b">Filing Committee.</marc:subfield></marc:datafield><marc:datafield tag="245" ind1="1" ind2="0"><marc:subfield code="a">ALA filing rules /</marc:subfield><marc:subfield code="c">Filing Committee, Resources and Technical Services Division, American Library Association.</marc:subfield></marc:datafield><marc:datafield tag="260" ind1="0" ind2=" "><marc:subfield code="a">Chicago :</marc:subfield><marc:subfield code="b">American Library Association,</marc:subfield><marc:subfield code="c">1980.</marc:subfield></marc:datafield><marc:datafield tag="300" ind1=" " ind2=" "><marc:subfield code="a">ix, 50 p. ;</marc:subfield><marc:subfield code="c">23 cm.</marc:subfield></marc:datafield><marc:datafield tag="504" ind1=" " ind2=" "><marc:subfield code="a">Includes bibliographical references and index.</marc:subfield></marc:datafield><marc:datafield tag="500" ind1=" " ind2=" "><marc:subfield code="a">&quot;Successor to A.L.A. rules for filing catalog cards (1942) and ALA rules for filing catalog cards, second edition (1968).&quot;</marc:subfield></marc:datafield><marc:datafield tag="590" ind1=" " ind2=" "><marc:subfield code="a">Kept in library office.</marc:subfield></marc:datafield><marc:datafield tag="650" ind1=" " ind2="0"><marc:subfield code="a">Library filing rules.</marc:subfield></marc:datafield><marc:datafield tag="035" ind1=" " ind2=" "><marc:subfield code="a">(TxDaGIAL)37741100003452</marc:subfield></marc:datafield><marc:controlfield tag="005">20080624154402.0</marc:controlfield><marc:controlfield tag="001">325</marc:controlfield><marc:controlfield tag="003">TxDaGIAL</marc:controlfield><marc:datafield tag="852" ind1=" " ind2=" "><marc:subfield code="p">37741100003452</marc:subfield><marc:subfield code="a">Library</marc:subfield><marc:subfield code="9">$10.90</marc:subfield><marc:subfield code="x">COPYID:365</marc:subfield><marc:subfield code="x">FSC@aRegular@c19950413</marc:subfield><marc:subfield code="h">025.3177 A512a 1980</marc:subfield><marc:subfield code="z">ALA 6-89</marc:subfield></marc:datafield></marc:record>