
<marc:record><marc:leader>00765 am a2200217 a 4500</marc:leader>
<marc:controlfield tag="008">690927s1943    dcuab    b    000 0 eng  </marc:controlfield>
<marc:datafield tag="100" ind1="1" ind2=" "><marc:subfield code="a">Walker, Ernest P.</marc:subfield><marc:subfield code="q">(Ernest Pillsbury),</marc:subfield><marc:subfield code="d">1891-</marc:subfield></marc:datafield><marc:datafield tag="245" ind1="1" ind2="0"><marc:subfield code="a">Alaska: America's continental frontier outpost.</marc:subfield></marc:datafield><marc:datafield tag="260" ind1=" " ind2=" "><marc:subfield code="a">Washington :</marc:subfield><marc:subfield code="b">Smithsonian Institution,</marc:subfield><marc:subfield code="c">1943.</marc:subfield></marc:datafield><marc:datafield tag="300" ind1=" " ind2=" "><marc:subfield code="a">57 p. :</marc:subfield><marc:subfield code="b">illus., maps.</marc:subfield></marc:datafield><marc:datafield tag="490" ind1="1" ind2=" "><marc:subfield code="a">Smithsonian Institution. War background studies ;</marc:subfield><marc:subfield code="v">no. 13</marc:subfield></marc:datafield><marc:datafield tag="500" ind1=" " ind2=" "><marc:subfield code="a">Publication 3733.</marc:subfield></marc:datafield><marc:datafield tag="504" ind1=" " ind2=" "><marc:subfield code="a">Includes bibliography.</marc:subfield></marc:datafield><marc:datafield tag="546" ind1=" " ind2=" "><marc:subfield code="a">English.</marc:subfield></marc:datafield><marc:datafield tag="651" ind1=" " ind2="0"><marc:subfield code="a">Alaska.</marc:subfield></marc:datafield><marc:datafield tag="830" ind1=" " ind2="0"><marc:subfield code="a">War background studies ;</marc:subfield><marc:subfield code="v">no. 13.</marc:subfield></marc:datafield><marc:datafield tag="035" ind1=" " ind2=" "><marc:subfield code="a">(TxDaGIAL)37741100016897</marc:subfield></marc:datafield><marc:controlfield tag="005">20080624154402.0</marc:controlfield><marc:controlfield tag="001">326</marc:controlfield><marc:controlfield tag="003">TxDaGIAL</marc:controlfield><marc:datafield tag="852" ind1=" " ind2=" "><marc:subfield code="p">37741100016897</marc:subfield><marc:subfield code="a">Library</marc:subfield><marc:subfield code="x">COPYID:366</marc:subfield><marc:subfield code="x">FSC@aRegular@c19970421</marc:subfield><marc:subfield code="h">306.05 S664w no.13 1943</marc:subfield><marc:subfield code="z">666</marc:subfield></marc:datafield></marc:record>