
<marc:record><marc:leader>00986cam a2200265 i 4500</marc:leader>
<marc:controlfield tag="008">810116s1980    aku      b    00010 eng  </marc:controlfield>
<marc:datafield tag="010" ind1=" " ind2=" "><marc:subfield code="a">   80143708 //r902</marc:subfield></marc:datafield><marc:datafield tag="040" ind1=" " ind2=" "><marc:subfield code="a">DLC</marc:subfield><marc:subfield code="c">DLC</marc:subfield><marc:subfield code="d">DLC</marc:subfield></marc:datafield><marc:datafield tag="043" ind1=" " ind2=" "><marc:subfield code="a">n-us-ak</marc:subfield></marc:datafield><marc:datafield tag="050" ind1="0" ind2="0"><marc:subfield code="a">PM501.A4</marc:subfield><marc:subfield code="b">K7</marc:subfield></marc:datafield><marc:datafield tag="082" ind1="0" ind2="0"><marc:subfield code="a">497/.1</marc:subfield><marc:subfield code="2">19</marc:subfield></marc:datafield><marc:datafield tag="100" ind1="1" ind2="0"><marc:subfield code="a">Krauss, Michael E.,</marc:subfield><marc:subfield code="d">1934-</marc:subfield></marc:datafield><marc:datafield tag="245" ind1="1" ind2="0"><marc:subfield code="a">Alaska native languages :</marc:subfield><marc:subfield code="b">past, present, and future /</marc:subfield><marc:subfield code="c">by Michael E. Krauss.</marc:subfield></marc:datafield><marc:datafield tag="260" ind1="0" ind2=" "><marc:subfield code="a">[Fairbanks, Alaska :</marc:subfield><marc:subfield code="b">Alaska Native Language Center],</marc:subfield><marc:subfield code="c">1980.</marc:subfield></marc:datafield><marc:datafield tag="300" ind1=" " ind2=" "><marc:subfield code="a">iv, 110 p., [1] leaf of plates :</marc:subfield><marc:subfield code="b">map ;</marc:subfield><marc:subfield code="c">28 cm.</marc:subfield></marc:datafield><marc:datafield tag="490" ind1="1" ind2=" "><marc:subfield code="a">Alaska Native Language Center research papers ;</marc:subfield><marc:subfield code="v">no. 4</marc:subfield></marc:datafield><marc:datafield tag="504" ind1=" " ind2=" "><marc:subfield code="a">Bibliography: p. 60-65.</marc:subfield></marc:datafield><marc:datafield tag="650" ind1=" " ind2="0"><marc:subfield code="a">Indians of North America</marc:subfield><marc:subfield code="z">Alaska</marc:subfield><marc:subfield code="x">Languages.</marc:subfield></marc:datafield><marc:datafield tag="650" ind1=" " ind2="0"><marc:subfield code="a">Eskimo languages.</marc:subfield></marc:datafield><marc:datafield tag="830" ind1=" " ind2="0"><marc:subfield code="a">Alaska Native Language Center research papers ;</marc:subfield><marc:subfield code="v">no. 4.</marc:subfield></marc:datafield><marc:datafield tag="035" ind1=" " ind2=" "><marc:subfield code="a">(TxDaGIAL)37741100007199</marc:subfield></marc:datafield><marc:controlfield tag="005">20080624154402.0</marc:controlfield><marc:controlfield tag="001">327</marc:controlfield><marc:controlfield tag="003">TxDaGIAL</marc:controlfield><marc:datafield tag="852" ind1=" " ind2=" "><marc:subfield code="p">37741100007199</marc:subfield><marc:subfield code="a">Library</marc:subfield><marc:subfield code="x">COPYID:367</marc:subfield><marc:subfield code="x">FSC@aRegular@c19950823</marc:subfield><marc:subfield code="h">497.1 K91a 1980</marc:subfield><marc:subfield code="z">9576</marc:subfield></marc:datafield></marc:record>