
<marc:record><marc:leader>00926cam a2200253 i 4500</marc:leader>
<marc:controlfield tag="008">760714s1976    wau      b    00110 eng  </marc:controlfield>
<marc:datafield tag="010" ind1=" " ind2=" "><marc:subfield code="a">   76007788</marc:subfield></marc:datafield><marc:datafield tag="020" ind1=" " ind2=" "><marc:subfield code="a">0295955198 :</marc:subfield><marc:subfield code="c">$9.50</marc:subfield></marc:datafield><marc:datafield tag="043" ind1=" " ind2=" "><marc:subfield code="a">n-us-ak</marc:subfield></marc:datafield><marc:datafield tag="050" ind1="0" ind2=" "><marc:subfield code="a">E99.A34</marc:subfield><marc:subfield code="b">J66</marc:subfield></marc:datafield><marc:datafield tag="082" ind1=" " ind2=" "><marc:subfield code="a">301.24/1/097984</marc:subfield></marc:datafield><marc:datafield tag="100" ind1="1" ind2="0"><marc:subfield code="a">Jones, Dorothy Miriam,</marc:subfield><marc:subfield code="d">1923-</marc:subfield></marc:datafield><marc:datafield tag="245" ind1="1" ind2="0"><marc:subfield code="a">Aleuts in transition :</marc:subfield><marc:subfield code="b">a comparison of two villages /</marc:subfield><marc:subfield code="c">by Dorothy M. Jones.</marc:subfield></marc:datafield><marc:datafield tag="260" ind1="0" ind2=" "><marc:subfield code="a">Seattle :</marc:subfield><marc:subfield code="b">Published for the Institute of Social, Economic and Government Research, University of Alaska, University of Washington Press,</marc:subfield><marc:subfield code="c">c1976.</marc:subfield></marc:datafield><marc:datafield tag="300" ind1=" " ind2=" "><marc:subfield code="a">vii, 125 p. ;</marc:subfield><marc:subfield code="c">22 cm.</marc:subfield></marc:datafield><marc:datafield tag="504" ind1=" " ind2=" "><marc:subfield code="a">Bibliography: p. 117-122.</marc:subfield></marc:datafield><marc:datafield tag="500" ind1=" " ind2=" "><marc:subfield code="a">Includes index.</marc:subfield></marc:datafield><marc:datafield tag="650" ind1=" " ind2="0"><marc:subfield code="a">Aleuts.</marc:subfield></marc:datafield><marc:datafield tag="650" ind1=" " ind2="0"><marc:subfield code="a">Acculturation</marc:subfield><marc:subfield code="z">Alaska</marc:subfield><marc:subfield code="v">Case studies.</marc:subfield></marc:datafield><marc:datafield tag="035" ind1=" " ind2=" "><marc:subfield code="a">(TxDaGIAL)37741100002633</marc:subfield></marc:datafield><marc:controlfield tag="005">20080624154402.0</marc:controlfield><marc:controlfield tag="001">328</marc:controlfield><marc:controlfield tag="003">TxDaGIAL</marc:controlfield><marc:datafield tag="852" ind1=" " ind2=" "><marc:subfield code="p">37741100002633</marc:subfield><marc:subfield code="a">Library</marc:subfield><marc:subfield code="x">COPYID:368</marc:subfield><marc:subfield code="x">FSC@aRegular@c19950321</marc:subfield><marc:subfield code="h">303.482 J76a 1976</marc:subfield><marc:subfield code="z">8356</marc:subfield></marc:datafield></marc:record>