
<marc:record><marc:leader>00769cam a2200217 i 4500</marc:leader>
<marc:controlfield tag="008">800910s1977    gt            000 0 spa  </marc:controlfield>
<marc:datafield tag="010" ind1=" " ind2=" "><marc:subfield code="a">   80115151 //r86</marc:subfield></marc:datafield><marc:datafield tag="040" ind1=" " ind2=" "><marc:subfield code="a">DLC</marc:subfield><marc:subfield code="c">DLC</marc:subfield><marc:subfield code="d">DLC</marc:subfield></marc:datafield><marc:datafield tag="050" ind1="0" ind2="0"><marc:subfield code="a">PM3962</marc:subfield><marc:subfield code="b">.I5</marc:subfield></marc:datafield><marc:datafield tag="082" ind1="0" ind2="0"><marc:subfield code="a">497/.4</marc:subfield><marc:subfield code="2">19</marc:subfield></marc:datafield><marc:datafield tag="110" ind1="2" ind2="0"><marc:subfield code="a">Instituto Indigenista Nacional (Guatemala)</marc:subfield></marc:datafield><marc:datafield tag="245" ind1="1" ind2="0"><marc:subfield code="a">Alfabeto de las lenguas mayances /</marc:subfield><marc:subfield code="c">Instituto Indigenista Nacional.</marc:subfield></marc:datafield><marc:datafield tag="260" ind1="0" ind2=" "><marc:subfield code="a">Guatemala :</marc:subfield><marc:subfield code="b">Editorial Universitaria, Universidad de San Carlos de Guatemala,</marc:subfield><marc:subfield code="c">c1977.</marc:subfield></marc:datafield><marc:datafield tag="300" ind1=" " ind2=" "><marc:subfield code="a">125 p. ;</marc:subfield><marc:subfield code="c">19 cm.</marc:subfield></marc:datafield><marc:datafield tag="650" ind1=" " ind2="0"><marc:subfield code="a">Mayan languages</marc:subfield><marc:subfield code="x">Alphabet.</marc:subfield></marc:datafield><marc:datafield tag="650" ind1=" " ind2="0"><marc:subfield code="a">Carib language</marc:subfield><marc:subfield code="x">Alphabet.</marc:subfield></marc:datafield><marc:datafield tag="035" ind1=" " ind2=" "><marc:subfield code="a">(TxDaGIAL)37741100016348</marc:subfield></marc:datafield><marc:controlfield tag="005">20080624154402.0</marc:controlfield><marc:controlfield tag="001">330</marc:controlfield><marc:controlfield tag="003">TxDaGIAL</marc:controlfield><marc:datafield tag="852" ind1=" " ind2=" "><marc:subfield code="p">37741100016348</marc:subfield><marc:subfield code="a">Library</marc:subfield><marc:subfield code="x">COPYID:370</marc:subfield><marc:subfield code="x">FSC@aRegular@c19970328</marc:subfield><marc:subfield code="h">497.415 I59a 1977</marc:subfield><marc:subfield code="z">9327</marc:subfield></marc:datafield></marc:record>