
<marc:record><marc:leader>01531cam a2200277 a 4500</marc:leader>
<marc:controlfield tag="008">950228r19801871miu           000 0 eng u</marc:controlfield>
<marc:datafield tag="020" ind1=" " ind2=" "><marc:subfield code="a">0801001587 (set)</marc:subfield></marc:datafield><marc:datafield tag="040" ind1=" " ind2=" "><marc:subfield code="c">TxDaGIAL</marc:subfield><marc:subfield code="d">TxDaGIAL</marc:subfield></marc:datafield><marc:datafield tag="130" ind1="0" ind2=" "><marc:subfield code="a">Bible.</marc:subfield><marc:subfield code="p">N.T.</marc:subfield><marc:subfield code="l">Greek.</marc:subfield><marc:subfield code="f">1980.</marc:subfield></marc:datafield><marc:datafield tag="245" ind1="1" ind2="0"><marc:subfield code="a">Alford's Greek Testament :</marc:subfield><marc:subfield code="b">an exegetical and critical commentary /</marc:subfield><marc:subfield code="c">Henry Alford.</marc:subfield></marc:datafield><marc:datafield tag="260" ind1=" " ind2=" "><marc:subfield code="a">Grand Rapids, Mich. :</marc:subfield><marc:subfield code="b">Baker Book House,</marc:subfield><marc:subfield code="c">1980, 1871.</marc:subfield></marc:datafield><marc:datafield tag="300" ind1=" " ind2=" "><marc:subfield code="a">4 v. ;</marc:subfield><marc:subfield code="c">23 cm.</marc:subfield></marc:datafield><marc:datafield tag="500" ind1=" " ind2=" "><marc:subfield code="a">The original edition is entitled The Greek New Testament, and was published between 1844-1857.</marc:subfield></marc:datafield><marc:datafield tag="500" ind1=" " ind2=" "><marc:subfield code="a">Vols. 1-2 represent the 7th ed.; vols. 3-4 represent the 5th ed.</marc:subfield></marc:datafield><marc:datafield tag="505" ind1="0" ind2=" "><marc:subfield code="a">v. 1. Matthew to John -- v. 2. Acts to II Corinthians -- v. 3. Galatians to Philemon -- v. 4. Hebrews to Revelation.</marc:subfield></marc:datafield><marc:datafield tag="500" ind1=" " ind2=" "><marc:subfield code="a">&quot;Six volume set&quot; -- t.p. verso is in error as this is a four volume set.</marc:subfield></marc:datafield><marc:datafield tag="630" ind1="0" ind2="0"><marc:subfield code="a">Bible.</marc:subfield><marc:subfield code="p">N.T.</marc:subfield><marc:subfield code="v">Commentaries.</marc:subfield></marc:datafield><marc:datafield tag="700" ind1="1" ind2="0"><marc:subfield code="a">Alford, Henry,</marc:subfield><marc:subfield code="d">1810-1871.</marc:subfield></marc:datafield><marc:datafield tag="035" ind1=" " ind2=" "><marc:subfield code="a">(TxDaGIAL)37741100001725</marc:subfield></marc:datafield><marc:controlfield tag="005">20080624154403.0</marc:controlfield><marc:controlfield tag="001">331</marc:controlfield><marc:controlfield tag="003">TxDaGIAL</marc:controlfield><marc:datafield tag="852" ind1=" " ind2=" "><marc:subfield code="p">37741100001725</marc:subfield><marc:subfield code="a">Library</marc:subfield><marc:subfield code="b">John Beekman Tran Li</marc:subfield><marc:subfield code="x">COPYID:371</marc:subfield><marc:subfield code="x">FSC@aRegular@c19950228</marc:subfield><marc:subfield code="h">225.48077 B582a 1980 vol. 1</marc:subfield><marc:subfield code="z">7372</marc:subfield></marc:datafield><marc:datafield tag="852" ind1=" " ind2=" "><marc:subfield code="p">37741100001726</marc:subfield><marc:subfield code="a">Library</marc:subfield><marc:subfield code="b">John Beekman Tran Li</marc:subfield><marc:subfield code="x">COPYID:372</marc:subfield><marc:subfield code="x">FSC@aRegular@c19950228</marc:subfield><marc:subfield code="h">225.48077 B582a 1980 vol. 2</marc:subfield><marc:subfield code="z">9537</marc:subfield></marc:datafield><marc:datafield tag="852" ind1=" " ind2=" "><marc:subfield code="p">37741100001727</marc:subfield><marc:subfield code="a">Library</marc:subfield><marc:subfield code="b">John Beekman Tran Li</marc:subfield><marc:subfield code="x">COPYID:373</marc:subfield><marc:subfield code="x">FSC@aRegular@c19950228</marc:subfield><marc:subfield code="h">225.48077 B582a 1980 vol. 3</marc:subfield><marc:subfield code="z">7914</marc:subfield></marc:datafield><marc:datafield tag="852" ind1=" " ind2=" "><marc:subfield code="p">37741100001728</marc:subfield><marc:subfield code="a">Library</marc:subfield><marc:subfield code="b">John Beekman Tran Li</marc:subfield><marc:subfield code="x">COPYID:374</marc:subfield><marc:subfield code="x">FSC@aRegular@c19950228</marc:subfield><marc:subfield code="h">225.48077 B582a 1980 vol. 4</marc:subfield><marc:subfield code="z">7373</marc:subfield></marc:datafield></marc:record>