
<marc:record><marc:leader>00747nam a2200229   4500</marc:leader>
<marc:controlfield tag="008">731003s1967    nyu      b    00000 eng  </marc:controlfield>
<marc:datafield tag="010" ind1=" " ind2=" "><marc:subfield code="a">   65028625</marc:subfield></marc:datafield><marc:datafield tag="040" ind1=" " ind2=" "><marc:subfield code="a">DLC</marc:subfield><marc:subfield code="c">DLC</marc:subfield><marc:subfield code="d">TxDaGIAL</marc:subfield></marc:datafield><marc:datafield tag="050" ind1="0" ind2=" "><marc:subfield code="a">P123</marc:subfield><marc:subfield code="b">.M22</marc:subfield></marc:datafield><marc:datafield tag="082" ind1=" " ind2=" "><marc:subfield code="a">410.184</marc:subfield></marc:datafield><marc:datafield tag="100" ind1="1" ind2="0"><marc:subfield code="a">Marcus, Solomon.</marc:subfield></marc:datafield><marc:datafield tag="245" ind1="1" ind2="0"><marc:subfield code="a">Algebraic linguistics :</marc:subfield><marc:subfield code="b">analytical models /</marc:subfield><marc:subfield code="c">Solomon Marcus.</marc:subfield></marc:datafield><marc:datafield tag="260" ind1="0" ind2=" "><marc:subfield code="a">New York :</marc:subfield><marc:subfield code="b">Academic Press,</marc:subfield><marc:subfield code="c">1967.</marc:subfield></marc:datafield><marc:datafield tag="300" ind1=" " ind2=" "><marc:subfield code="a">xi, 254 p. ;</marc:subfield><marc:subfield code="c">24 cm.</marc:subfield></marc:datafield><marc:datafield tag="440" ind1=" " ind2="0"><marc:subfield code="a">Mathematics in science and engineering ;</marc:subfield><marc:subfield code="v">v. 29</marc:subfield></marc:datafield><marc:datafield tag="504" ind1=" " ind2=" "><marc:subfield code="a">Includes bibliographies.</marc:subfield></marc:datafield><marc:datafield tag="650" ind1=" " ind2="0"><marc:subfield code="a">Mathematical linguistics.</marc:subfield></marc:datafield><marc:datafield tag="035" ind1=" " ind2=" "><marc:subfield code="a">(TxDaGIAL)37741100009998</marc:subfield></marc:datafield><marc:controlfield tag="005">20080624154403.0</marc:controlfield><marc:controlfield tag="001">332</marc:controlfield><marc:controlfield tag="003">TxDaGIAL</marc:controlfield><marc:datafield tag="852" ind1=" " ind2=" "><marc:subfield code="p">37741100009998</marc:subfield><marc:subfield code="a">Library</marc:subfield><marc:subfield code="x">COPYID:375</marc:subfield><marc:subfield code="x">FSC@aRegular@c19951205</marc:subfield><marc:subfield code="h">410.51 M322a 1967</marc:subfield><marc:subfield code="z">2998</marc:subfield></marc:datafield></marc:record>