
<marc:record><marc:leader>00977nam a2200265 i 4500</marc:leader>
<marc:controlfield tag="008">960429s1994    dcua          001 0 eng d</marc:controlfield>
<marc:datafield tag="010" ind1=" " ind2=" "><marc:subfield code="a">   94043019</marc:subfield></marc:datafield><marc:datafield tag="040" ind1=" " ind2=" "><marc:subfield code="a">DLC</marc:subfield><marc:subfield code="c">DLC</marc:subfield><marc:subfield code="d">TxDaGIAL</marc:subfield></marc:datafield><marc:datafield tag="043" ind1=" " ind2=" "><marc:subfield code="a">f-ae---</marc:subfield></marc:datafield><marc:datafield tag="050" ind1="0" ind2="0"><marc:subfield code="a">DT275</marc:subfield><marc:subfield code="b">.A5771 1994</marc:subfield></marc:datafield><marc:datafield tag="082" ind1="0" ind2="0"><marc:subfield code="a">965</marc:subfield><marc:subfield code="2">20</marc:subfield></marc:datafield><marc:datafield tag="245" ind1="0" ind2="0"><marc:subfield code="a">Algeria :</marc:subfield><marc:subfield code="b">a country study /</marc:subfield><marc:subfield code="c">Federal Research Division, Library of Congress ; edited by Helen Chapin Metz.</marc:subfield></marc:datafield><marc:datafield tag="250" ind1=" " ind2=" "><marc:subfield code="a">5th ed.</marc:subfield></marc:datafield><marc:datafield tag="260" ind1=" " ind2=" "><marc:subfield code="a">Washington, D.C. :</marc:subfield><marc:subfield code="b">Federal Research Division, Library of Congress,</marc:subfield><marc:subfield code="c">1994.</marc:subfield></marc:datafield><marc:datafield tag="300" ind1=" " ind2=" "><marc:subfield code="a">xxxvii, 341 p. :</marc:subfield><marc:subfield code="b">ill. maps ;</marc:subfield><marc:subfield code="c">24 cm.</marc:subfield></marc:datafield><marc:datafield tag="440" ind1=" " ind2="0"><marc:subfield code="a">Area handbook series,</marc:subfield><marc:subfield code="x">1057-5294</marc:subfield></marc:datafield><marc:datafield tag="500" ind1=" " ind2=" "><marc:subfield code="a">&quot;Research completed December 1993.&quot;</marc:subfield></marc:datafield><marc:datafield tag="504" ind1=" " ind2=" "><marc:subfield code="a">Includes bibliographical references (p. 295-311) and index.</marc:subfield></marc:datafield><marc:datafield tag="651" ind1=" " ind2="0"><marc:subfield code="a">Algeria.</marc:subfield></marc:datafield><marc:datafield tag="700" ind1="1" ind2="0"><marc:subfield code="a">Metz, Helen Chapin,</marc:subfield><marc:subfield code="d">1928-</marc:subfield></marc:datafield><marc:datafield tag="035" ind1=" " ind2=" "><marc:subfield code="a">(TxDaGIAL)37741100011186</marc:subfield></marc:datafield><marc:controlfield tag="005">20080624154403.0</marc:controlfield><marc:controlfield tag="001">333</marc:controlfield><marc:controlfield tag="003">TxDaGIAL</marc:controlfield><marc:datafield tag="852" ind1=" " ind2=" "><marc:subfield code="p">37741100011186</marc:subfield><marc:subfield code="a">Library</marc:subfield><marc:subfield code="9">$20.00</marc:subfield><marc:subfield code="x">COPYID:376</marc:subfield><marc:subfield code="x">FSC@aRegular@c19960426</marc:subfield><marc:subfield code="h">965 A678 1994</marc:subfield><marc:subfield code="z">8-1995</marc:subfield></marc:datafield></marc:record>