
<marc:record><marc:leader>00649nam a22001697i 4500</marc:leader>
<marc:controlfield tag="008">870622s1911    dcu           000 0 eng d</marc:controlfield>
<marc:datafield tag="040" ind1=" " ind2=" "><marc:subfield code="a">CDS</marc:subfield><marc:subfield code="c">CDS</marc:subfield><marc:subfield code="d">m/c</marc:subfield></marc:datafield><marc:datafield tag="100" ind1="1" ind2=" "><marc:subfield code="a">Jones, William.</marc:subfield></marc:datafield><marc:datafield tag="245" ind1="1" ind2="0"><marc:subfield code="a">Algonquian (Fox) :</marc:subfield><marc:subfield code="b">an illustrative sketch. /</marc:subfield><marc:subfield code="c">by William Jones ; revised by Truman Michelson.</marc:subfield></marc:datafield><marc:datafield tag="260" ind1=" " ind2=" "><marc:subfield code="a">Washington, D.C. :</marc:subfield><marc:subfield code="b">Government Printing Office,</marc:subfield><marc:subfield code="c">1911.</marc:subfield></marc:datafield><marc:datafield tag="300" ind1=" " ind2=" "><marc:subfield code="a">p. 735-873.</marc:subfield></marc:datafield><marc:datafield tag="500" ind1=" " ind2=" "><marc:subfield code="a">Detached from Franz Boas, ed. Handbook of American Indian Languages. Pt. 1.</marc:subfield></marc:datafield><marc:datafield tag="035" ind1=" " ind2=" "><marc:subfield code="a">(TxDaGIAL)37741100016200</marc:subfield></marc:datafield><marc:controlfield tag="005">20080624154403.0</marc:controlfield><marc:controlfield tag="001">334</marc:controlfield><marc:controlfield tag="003">TxDaGIAL</marc:controlfield><marc:datafield tag="852" ind1=" " ind2=" "><marc:subfield code="p">37741100016200</marc:subfield><marc:subfield code="a">Library</marc:subfield><marc:subfield code="x">COPYID:377</marc:subfield><marc:subfield code="x">FSC@aRegular@c19970325</marc:subfield><marc:subfield code="h">497.35 J79a 1911</marc:subfield><marc:subfield code="z">135</marc:subfield></marc:datafield></marc:record>