
<marc:record><marc:leader>01248nam a2200313 a 4500</marc:leader>
<marc:controlfield tag="008">930127s1991    hk a          000 0 eng d</marc:controlfield>
<marc:datafield tag="020" ind1=" " ind2=" "><marc:subfield code="a">9627010405 (v.1)</marc:subfield></marc:datafield><marc:datafield tag="020" ind1=" " ind2=" "><marc:subfield code="a">9627010391 (v.2)</marc:subfield></marc:datafield><marc:datafield tag="020" ind1=" " ind2=" "><marc:subfield code="a">9627010383 (v.3)</marc:subfield></marc:datafield><marc:datafield tag="035" ind1=" " ind2=" "><marc:subfield code="a">(OCoLC)27331769</marc:subfield></marc:datafield><marc:datafield tag="040" ind1=" " ind2=" "><marc:subfield code="a">NOS</marc:subfield><marc:subfield code="c">NOS</marc:subfield><marc:subfield code="d">UIU</marc:subfield></marc:datafield><marc:datafield tag="245" ind1="0" ind2="0"><marc:subfield code="a">All-Asia guide.</marc:subfield></marc:datafield><marc:datafield tag="247" ind1="0" ind2="1"><marc:subfield code="a">All Asia Guide.</marc:subfield></marc:datafield><marc:datafield tag="247" ind1="0" ind2="1"><marc:subfield code="a">Far eastern economic review all-Asia guide.</marc:subfield></marc:datafield><marc:datafield tag="250" ind1=" " ind2=" "><marc:subfield code="a">&lt;15th ed.&gt;.</marc:subfield></marc:datafield><marc:datafield tag="260" ind1=" " ind2=" "><marc:subfield code="a">Hongkong :</marc:subfield><marc:subfield code="b">Review Pub.,</marc:subfield><marc:subfield code="c">1991.</marc:subfield></marc:datafield><marc:datafield tag="300" ind1=" " ind2=" "><marc:subfield code="a">3 v. :</marc:subfield><marc:subfield code="b">ill., maps ;</marc:subfield><marc:subfield code="c">18 cm.</marc:subfield></marc:datafield><marc:datafield tag="500" ind1=" " ind2=" "><marc:subfield code="a">Published by the Far Eastern Economic Review.</marc:subfield></marc:datafield><marc:datafield tag="500" ind1=" " ind2=" "><marc:subfield code="a">&quot;Far-Eastern Economic Review&quot;--t.p.</marc:subfield></marc:datafield><marc:datafield tag="505" ind1="0" ind2=" "><marc:subfield code="a">Vol.1, South Asia.-- v.2, Southeast Asia.-- v.3, Northeast Asia.</marc:subfield></marc:datafield><marc:datafield tag="651" ind1=" " ind2="0"><marc:subfield code="a">Asia</marc:subfield><marc:subfield code="x">Description and travel.</marc:subfield></marc:datafield><marc:datafield tag="651" ind1=" " ind2="0"><marc:subfield code="a">Asia</marc:subfield><marc:subfield code="v">Guidebooks.</marc:subfield></marc:datafield><marc:datafield tag="035" ind1=" " ind2=" "><marc:subfield code="a">(TxDaGIAL)37741100014925</marc:subfield></marc:datafield><marc:controlfield tag="005">20080624154404.0</marc:controlfield><marc:controlfield tag="001">336</marc:controlfield><marc:controlfield tag="003">TxDaGIAL</marc:controlfield><marc:datafield tag="852" ind1=" " ind2=" "><marc:subfield code="p">37741100014925</marc:subfield><marc:subfield code="a">Library</marc:subfield><marc:subfield code="9">$0.00</marc:subfield><marc:subfield code="x">COPYID:379</marc:subfield><marc:subfield code="x">FSC@aRegular@c19970205</marc:subfield><marc:subfield code="h">915 F219aa vol.1 1991</marc:subfield><marc:subfield code="z">Publisher gift 6-93</marc:subfield></marc:datafield><marc:datafield tag="852" ind1=" " ind2=" "><marc:subfield code="p">37741100014926</marc:subfield><marc:subfield code="a">Library</marc:subfield><marc:subfield code="9">$0.00</marc:subfield><marc:subfield code="x">COPYID:380</marc:subfield><marc:subfield code="x">FSC@aRegular@c19970205</marc:subfield><marc:subfield code="h">915 F219aa vol.2 1991</marc:subfield><marc:subfield code="z">Publisher gift 6-93</marc:subfield></marc:datafield><marc:datafield tag="852" ind1=" " ind2=" "><marc:subfield code="p">37741100014927</marc:subfield><marc:subfield code="a">Library</marc:subfield><marc:subfield code="9">$0.00</marc:subfield><marc:subfield code="x">COPYID:381</marc:subfield><marc:subfield code="x">FSC@aRegular@c19970205</marc:subfield><marc:subfield code="h">915 F219aa vol.3 1991</marc:subfield><marc:subfield code="z">Publisher gift 6-93</marc:subfield></marc:datafield></marc:record>