
<marc:record><marc:leader>01012cam a22002771i 4500</marc:leader>
<marc:controlfield tag="008">700928s1968    miu      b    00010 eng  </marc:controlfield>
<marc:datafield tag="010" ind1=" " ind2=" "><marc:subfield code="a">   68018839 //r843</marc:subfield></marc:datafield><marc:datafield tag="040" ind1=" " ind2=" "><marc:subfield code="a">DLC</marc:subfield><marc:subfield code="c">DLC</marc:subfield><marc:subfield code="d">TxDaGIAL</marc:subfield></marc:datafield><marc:datafield tag="043" ind1=" " ind2=" "><marc:subfield code="a">n-us---</marc:subfield></marc:datafield><marc:datafield tag="050" ind1="0" ind2=" "><marc:subfield code="a">BV2610</marc:subfield><marc:subfield code="b">.B4</marc:subfield></marc:datafield><marc:datafield tag="082" ind1="0" ind2=" "><marc:subfield code="a">266/.023/73</marc:subfield><marc:subfield code="2">19</marc:subfield></marc:datafield><marc:datafield tag="100" ind1="1" ind2="0"><marc:subfield code="a">Beaver, R. Pierce</marc:subfield><marc:subfield code="q">(Robert Pierce),</marc:subfield><marc:subfield code="d">1906-</marc:subfield></marc:datafield><marc:datafield tag="245" ind1="1" ind2="0"><marc:subfield code="a">All loves excelling :</marc:subfield><marc:subfield code="b">American Protestant women in world mission /</marc:subfield><marc:subfield code="c">by R. Pierce Beaver.</marc:subfield></marc:datafield><marc:datafield tag="260" ind1="0" ind2=" "><marc:subfield code="a">Grand Rapids, Mich. :</marc:subfield><marc:subfield code="b">Eerdmans,</marc:subfield><marc:subfield code="c">c1968.</marc:subfield></marc:datafield><marc:datafield tag="300" ind1=" " ind2=" "><marc:subfield code="a">227 p. ;</marc:subfield><marc:subfield code="c">20 cm.</marc:subfield></marc:datafield><marc:datafield tag="504" ind1=" " ind2=" "><marc:subfield code="a">Includes bibliographical references.</marc:subfield></marc:datafield><marc:datafield tag="500" ind1=" " ind2=" "><marc:subfield code="a">Rev. ed. (1980) published under title: American Protestant women in world mission.</marc:subfield></marc:datafield><marc:datafield tag="650" ind1=" " ind2="0"><marc:subfield code="a">Women in missionary work.</marc:subfield></marc:datafield><marc:datafield tag="650" ind1=" " ind2="0"><marc:subfield code="a">Women missionaries.</marc:subfield></marc:datafield><marc:datafield tag="650" ind1=" " ind2="0"><marc:subfield code="a">Missions, American.</marc:subfield></marc:datafield><marc:datafield tag="650" ind1=" " ind2="0"><marc:subfield code="a">Protestant churches</marc:subfield><marc:subfield code="x">Missions.</marc:subfield></marc:datafield><marc:datafield tag="035" ind1=" " ind2=" "><marc:subfield code="a">(TxDaGIAL)37741100006537</marc:subfield></marc:datafield><marc:controlfield tag="005">20080624154404.0</marc:controlfield><marc:controlfield tag="001">337</marc:controlfield><marc:controlfield tag="003">TxDaGIAL</marc:controlfield><marc:datafield tag="852" ind1=" " ind2=" "><marc:subfield code="p">37741100006537</marc:subfield><marc:subfield code="a">Library</marc:subfield><marc:subfield code="x">COPYID:382</marc:subfield><marc:subfield code="x">FSC@aRegular@c19950807</marc:subfield><marc:subfield code="h">266.02373 B386a 1968</marc:subfield><marc:subfield code="z">5695</marc:subfield></marc:datafield></marc:record>