
<marc:record><marc:leader>00837nam a2200241 a 4500</marc:leader>
<marc:controlfield tag="008">971029s1992    iluabcd       000 0 eng d</marc:controlfield>
<marc:datafield tag="020" ind1=" " ind2=" "><marc:subfield code="a">0842316876</marc:subfield></marc:datafield><marc:datafield tag="040" ind1=" " ind2=" "><marc:subfield code="a">TxDaGIAL</marc:subfield><marc:subfield code="c">TxDaGIAL</marc:subfield></marc:datafield><marc:datafield tag="082" ind1="0" ind2="4"><marc:subfield code="a">230.005</marc:subfield></marc:datafield><marc:datafield tag="245" ind1="0" ind2="4"><marc:subfield code="a">The Almanac of the Christian world /</marc:subfield><marc:subfield code="c">Edythe Draper, editor; Helen Gorges, research editor; Kenneth Petersen, project editor.</marc:subfield></marc:datafield><marc:datafield tag="250" ind1=" " ind2=" "><marc:subfield code="a">1993-94 ed.</marc:subfield></marc:datafield><marc:datafield tag="260" ind1=" " ind2=" "><marc:subfield code="a">Wheaton, Ill. :</marc:subfield><marc:subfield code="b">Tyndale House,</marc:subfield><marc:subfield code="c">1992.</marc:subfield></marc:datafield><marc:datafield tag="300" ind1=" " ind2=" "><marc:subfield code="a">865 p. :</marc:subfield><marc:subfield code="b">ill., maps, ports., charts ;</marc:subfield><marc:subfield code="c">21 cm.</marc:subfield></marc:datafield><marc:datafield tag="650" ind1=" " ind2="0"><marc:subfield code="a">Almanacs.</marc:subfield></marc:datafield><marc:datafield tag="650" ind1=" " ind2="0"><marc:subfield code="a">Christianity</marc:subfield><marc:subfield code="v">Almanacs.</marc:subfield></marc:datafield><marc:datafield tag="700" ind1="1" ind2="0"><marc:subfield code="a">Draper, Edythe.</marc:subfield></marc:datafield><marc:datafield tag="700" ind1="1" ind2="0"><marc:subfield code="a">Gorges, Helen.</marc:subfield></marc:datafield><marc:datafield tag="700" ind1="1" ind2="0"><marc:subfield code="a">Petersen, Kenneth.</marc:subfield></marc:datafield><marc:datafield tag="035" ind1=" " ind2=" "><marc:subfield code="a">(TxDaGIAL)37741100021480</marc:subfield></marc:datafield><marc:controlfield tag="005">20080624154404.0</marc:controlfield><marc:controlfield tag="001">339</marc:controlfield><marc:controlfield tag="003">TxDaGIAL</marc:controlfield><marc:datafield tag="852" ind1=" " ind2=" "><marc:subfield code="p">37741100021480</marc:subfield><marc:subfield code="a">Library</marc:subfield><marc:subfield code="9">$14.99</marc:subfield><marc:subfield code="x">COPYID:384</marc:subfield><marc:subfield code="x">FSC@aRegular@c19971028</marc:subfield><marc:subfield code="h">230.005 A445 1992</marc:subfield><marc:subfield code="z">B/T 4-93</marc:subfield></marc:datafield></marc:record>