
<marc:record><marc:leader>01058cam a2200289 a 4500</marc:leader>
<marc:controlfield tag="008">930916s1992    gw       b   i000 0 eng  </marc:controlfield>
<marc:datafield tag="010" ind1=" " ind2=" "><marc:subfield code="a">   93206856 //r94</marc:subfield></marc:datafield><marc:datafield tag="020" ind1=" " ind2=" "><marc:subfield code="a">9282010619</marc:subfield></marc:datafield><marc:datafield tag="040" ind1=" " ind2=" "><marc:subfield code="a">DLC</marc:subfield><marc:subfield code="c">DLC</marc:subfield><marc:subfield code="d">DLC</marc:subfield></marc:datafield><marc:datafield tag="050" ind1="0" ind2="0"><marc:subfield code="a">LC149</marc:subfield><marc:subfield code="b">.A47 1992</marc:subfield></marc:datafield><marc:datafield tag="082" ind1="0" ind2="0"><marc:subfield code="a">302.2/244</marc:subfield><marc:subfield code="2">20</marc:subfield></marc:datafield><marc:datafield tag="245" ind1="0" ind2="0"><marc:subfield code="a">Alpha 92 :</marc:subfield><marc:subfield code="b">current research in literacy : literacy strategies in the community movement /</marc:subfield><marc:subfield code="c">edited by Jean-Paul Hautecoeur.</marc:subfield></marc:datafield><marc:datafield tag="260" ind1=" " ind2=" "><marc:subfield code="a">Hamburg, Germany :</marc:subfield><marc:subfield code="b">Unesco Institute for Education,</marc:subfield><marc:subfield code="c">c1992.</marc:subfield></marc:datafield><marc:datafield tag="300" ind1=" " ind2=" "><marc:subfield code="a">472 p. ;</marc:subfield><marc:subfield code="c">24 cm.</marc:subfield></marc:datafield><marc:datafield tag="500" ind1=" " ind2=" "><marc:subfield code="a">&quot;Prepared by the Unesco Institute for Education&quot;--T.p. verso.</marc:subfield></marc:datafield><marc:datafield tag="504" ind1=" " ind2=" "><marc:subfield code="a">Includes bibliographical references.</marc:subfield></marc:datafield><marc:datafield tag="650" ind1=" " ind2="0"><marc:subfield code="a">Literacy.</marc:subfield></marc:datafield><marc:datafield tag="650" ind1=" " ind2="0"><marc:subfield code="a">Literacy programs.</marc:subfield></marc:datafield><marc:datafield tag="650" ind1=" " ind2="0"><marc:subfield code="a">Adult education.</marc:subfield></marc:datafield><marc:datafield tag="650" ind1=" " ind2="0"><marc:subfield code="a">Basic education.</marc:subfield></marc:datafield><marc:datafield tag="700" ind1="1" ind2="0"><marc:subfield code="a">Hautecoeur, Jean-Paul,</marc:subfield><marc:subfield code="d">1943-</marc:subfield></marc:datafield><marc:datafield tag="710" ind1="2" ind2="0"><marc:subfield code="a">Unesco Institute for Education.</marc:subfield></marc:datafield><marc:datafield tag="035" ind1=" " ind2=" "><marc:subfield code="a">(TxDaGIAL)37741100009049</marc:subfield></marc:datafield><marc:controlfield tag="005">20080624154405.0</marc:controlfield><marc:controlfield tag="001">340</marc:controlfield><marc:controlfield tag="003">TxDaGIAL</marc:controlfield><marc:datafield tag="852" ind1=" " ind2=" "><marc:subfield code="p">37741100009049</marc:subfield><marc:subfield code="a">Library</marc:subfield><marc:subfield code="9">$22.50</marc:subfield><marc:subfield code="x">COPYID:385</marc:subfield><marc:subfield code="x">FSC@aRegular@c19951024</marc:subfield><marc:subfield code="h">302.2244 A456h 1992</marc:subfield><marc:subfield code="z">B/T  10/95</marc:subfield></marc:datafield></marc:record>