
<marc:record><marc:leader>01015nam a2200253 a 4500</marc:leader>
<marc:controlfield tag="008">970728s1990    cauabo        000 0 eng d</marc:controlfield>
<marc:datafield tag="020" ind1=" " ind2=" "><marc:subfield code="a">0938978136</marc:subfield></marc:datafield><marc:datafield tag="040" ind1=" " ind2=" "><marc:subfield code="a">TxDaGIAL</marc:subfield><marc:subfield code="c">TxDaGIAL</marc:subfield></marc:datafield><marc:datafield tag="082" ind1="0" ind2="4"><marc:subfield code="a">411</marc:subfield><marc:subfield code="2">21</marc:subfield></marc:datafield><marc:datafield tag="110" ind1="2" ind2=" "><marc:subfield code="a">Museum of the Alphabet.</marc:subfield></marc:datafield><marc:datafield tag="245" ind1="1" ind2="4"><marc:subfield code="a">The alphabet makers :</marc:subfield><marc:subfield code="b">a presentation from the Museum of the Alphabet, Waxhaw, North Carolina /</marc:subfield><marc:subfield code="c">Hyatt Moore, editor.</marc:subfield></marc:datafield><marc:datafield tag="260" ind1=" " ind2=" "><marc:subfield code="a">Huntington Beach, Calif. :</marc:subfield><marc:subfield code="b">Summer Institute of Linguistics,</marc:subfield><marc:subfield code="c">c1990.</marc:subfield></marc:datafield><marc:datafield tag="300" ind1=" " ind2=" "><marc:subfield code="a">95 p. :</marc:subfield><marc:subfield code="b">ill., photos, maps (col.) ;</marc:subfield><marc:subfield code="c">31 cm.</marc:subfield></marc:datafield><marc:datafield tag="504" ind1=" " ind2=" "><marc:subfield code="a">Bibliography: p. 92-95.</marc:subfield></marc:datafield><marc:datafield tag="650" ind1=" " ind2="0"><marc:subfield code="a">Alphabet.</marc:subfield></marc:datafield><marc:datafield tag="650" ind1=" " ind2="0"><marc:subfield code="a">Alphabets.</marc:subfield></marc:datafield><marc:datafield tag="700" ind1="1" ind2="0"><marc:subfield code="a">Moore, Hyatt.</marc:subfield></marc:datafield><marc:datafield tag="035" ind1=" " ind2=" "><marc:subfield code="a">(TxDaGIAL)37741100019268</marc:subfield></marc:datafield><marc:controlfield tag="005">20080624154405.0</marc:controlfield><marc:controlfield tag="001">342</marc:controlfield><marc:controlfield tag="003">TxDaGIAL</marc:controlfield><marc:datafield tag="852" ind1=" " ind2=" "><marc:subfield code="p">37741100019268</marc:subfield><marc:subfield code="a">Library</marc:subfield><marc:subfield code="9">$12.95</marc:subfield><marc:subfield code="x">COPYID:387</marc:subfield><marc:subfield code="x">FSC@aRegular@c19970729</marc:subfield><marc:subfield code="h">411 M986a 1990</marc:subfield></marc:datafield><marc:datafield tag="852" ind1=" " ind2=" "><marc:subfield code="p">37741100019269</marc:subfield><marc:subfield code="a">Library</marc:subfield><marc:subfield code="9">$12.95</marc:subfield><marc:subfield code="x">COPYID:388</marc:subfield><marc:subfield code="x">FSC@aRegular@c19970729</marc:subfield><marc:subfield code="h">411 M986a 1990</marc:subfield></marc:datafield><marc:datafield tag="852" ind1=" " ind2=" "><marc:subfield code="p">37741100019270</marc:subfield><marc:subfield code="a">Library</marc:subfield><marc:subfield code="9">$12.95</marc:subfield><marc:subfield code="x">COPYID:389</marc:subfield><marc:subfield code="x">FSC@aRegular@c19970729</marc:subfield><marc:subfield code="h">411 M986a 1990</marc:subfield></marc:datafield></marc:record>