
<marc:record><marc:leader>00800nam a2200217 i 4500</marc:leader>
<marc:controlfield tag="008">900724s1967    pau           00010 eng d</marc:controlfield>
<marc:datafield tag="035" ind1=" " ind2=" "><marc:subfield code="a">(CU-UC)dlaisn3520610</marc:subfield></marc:datafield><marc:datafield tag="040" ind1=" " ind2=" "><marc:subfield code="a">TxU</marc:subfield><marc:subfield code="c">UPB</marc:subfield><marc:subfield code="d">UPB</marc:subfield></marc:datafield><marc:datafield tag="100" ind1="1" ind2="0"><marc:subfield code="a">Bidwell, Charles Everett,</marc:subfield><marc:subfield code="d">1923-</marc:subfield></marc:datafield><marc:datafield tag="245" ind1="1" ind2="0"><marc:subfield code="a">Alphabets of the modern Slavic languages /</marc:subfield><marc:subfield code="c">by Charles E. Bidwell.</marc:subfield></marc:datafield><marc:datafield tag="260" ind1="0" ind2=" "><marc:subfield code="a">Pittsburgh :</marc:subfield><marc:subfield code="b">University of Pittsburgh,</marc:subfield><marc:subfield code="c">1967.</marc:subfield></marc:datafield><marc:datafield tag="300" ind1=" " ind2=" "><marc:subfield code="a">24 p. ;</marc:subfield><marc:subfield code="c">28 cm.</marc:subfield></marc:datafield><marc:datafield tag="500" ind1=" " ind2=" "><marc:subfield code="a">&quot;International Studies Program, the academic disciplines, University of Pittsburgh.</marc:subfield></marc:datafield><marc:datafield tag="546" ind1=" " ind2=" "><marc:subfield code="a">English.</marc:subfield></marc:datafield><marc:datafield tag="650" ind1=" " ind2="0"><marc:subfield code="a">Slavic languages</marc:subfield><marc:subfield code="x">Alphabet.</marc:subfield></marc:datafield><marc:datafield tag="650" ind1=" " ind2="0"><marc:subfield code="a">Alphabets.</marc:subfield></marc:datafield><marc:datafield tag="035" ind1=" " ind2=" "><marc:subfield code="a">(TxDaGIAL)37741100014517</marc:subfield></marc:datafield><marc:controlfield tag="005">20080624154405.0</marc:controlfield><marc:controlfield tag="001">343</marc:controlfield><marc:controlfield tag="003">TxDaGIAL</marc:controlfield><marc:datafield tag="852" ind1=" " ind2=" "><marc:subfield code="p">37741100014517</marc:subfield><marc:subfield code="a">Library</marc:subfield><marc:subfield code="9">$0.00</marc:subfield><marc:subfield code="x">COPYID:390</marc:subfield><marc:subfield code="x">FSC@aRegular@c19970121</marc:subfield><marc:subfield code="h">491.8 B585a 1967</marc:subfield><marc:subfield code="z">Eunice Pike gift 6-89</marc:subfield></marc:datafield></marc:record>