
<marc:record><marc:leader>01283pam a2200325 a 4500</marc:leader>
<marc:controlfield tag="008">920804s1993    enk      b    001 0 eng  </marc:controlfield>
<marc:datafield tag="010" ind1=" " ind2=" "><marc:subfield code="a">   92029031</marc:subfield></marc:datafield><marc:datafield tag="020" ind1=" " ind2=" "><marc:subfield code="a">1853591734 (hbk.) :</marc:subfield><marc:subfield code="c">$74.00</marc:subfield></marc:datafield><marc:datafield tag="020" ind1=" " ind2=" "><marc:subfield code="a">1853591726 (pbk.) :</marc:subfield><marc:subfield code="c">$25.00</marc:subfield></marc:datafield><marc:datafield tag="040" ind1=" " ind2=" "><marc:subfield code="a">DLC</marc:subfield><marc:subfield code="c">DLC</marc:subfield><marc:subfield code="d">DLC</marc:subfield></marc:datafield><marc:datafield tag="043" ind1=" " ind2=" "><marc:subfield code="a">e-fr---</marc:subfield></marc:datafield><marc:datafield tag="050" ind1="0" ind2="0"><marc:subfield code="a">P115.5.F8</marc:subfield><marc:subfield code="b">V37 1993</marc:subfield></marc:datafield><marc:datafield tag="082" ind1="0" ind2="0"><marc:subfield code="a">306.4/4/0944383</marc:subfield><marc:subfield code="2">20</marc:subfield></marc:datafield><marc:datafield tag="100" ind1="1" ind2=" "><marc:subfield code="a">Vassberg, Liliane M.</marc:subfield><marc:subfield code="q">(Liliane Mangold),</marc:subfield><marc:subfield code="d">1943-</marc:subfield></marc:datafield><marc:datafield tag="245" ind1="1" ind2="0"><marc:subfield code="a">Alsatian acts of identity :</marc:subfield><marc:subfield code="b">language use and language attitudes in Alsace /</marc:subfield><marc:subfield code="c">Liliane M. Vassberg.</marc:subfield></marc:datafield><marc:datafield tag="260" ind1=" " ind2=" "><marc:subfield code="a">Clevedon [England] ;</marc:subfield><marc:subfield code="a">Philadelphia :</marc:subfield><marc:subfield code="b">Multilingual Matters,</marc:subfield><marc:subfield code="c">c1993.</marc:subfield></marc:datafield><marc:datafield tag="300" ind1=" " ind2=" "><marc:subfield code="a">204 p. :</marc:subfield><marc:subfield code="b">maps ;</marc:subfield><marc:subfield code="c">22 cm.</marc:subfield></marc:datafield><marc:datafield tag="490" ind1="1" ind2=" "><marc:subfield code="a">Multilingual matters ;</marc:subfield><marc:subfield code="v">90</marc:subfield></marc:datafield><marc:datafield tag="504" ind1=" " ind2=" "><marc:subfield code="a">Includes bibliographical references (p. [195]-201) and index.</marc:subfield></marc:datafield><marc:datafield tag="650" ind1=" " ind2="0"><marc:subfield code="a">Sociolinguistics</marc:subfield><marc:subfield code="z">France</marc:subfield><marc:subfield code="z">Alsace.</marc:subfield></marc:datafield><marc:datafield tag="650" ind1=" " ind2="0"><marc:subfield code="a">German language</marc:subfield><marc:subfield code="x">Dialects</marc:subfield><marc:subfield code="z">France</marc:subfield><marc:subfield code="z">Alsace.</marc:subfield></marc:datafield><marc:datafield tag="650" ind1=" " ind2="0"><marc:subfield code="a">German language</marc:subfield><marc:subfield code="x">Social aspects</marc:subfield><marc:subfield code="z">France</marc:subfield><marc:subfield code="z">Alsace.</marc:subfield></marc:datafield><marc:datafield tag="650" ind1=" " ind2="0"><marc:subfield code="a">Ethnicity</marc:subfield><marc:subfield code="z">France</marc:subfield><marc:subfield code="z">Alsace.</marc:subfield></marc:datafield><marc:datafield tag="651" ind1=" " ind2="0"><marc:subfield code="a">Alsace (France)</marc:subfield><marc:subfield code="x">History.</marc:subfield></marc:datafield><marc:datafield tag="830" ind1=" " ind2="0"><marc:subfield code="a">Multilingual matters (Series) ;</marc:subfield><marc:subfield code="v">90.</marc:subfield></marc:datafield><marc:datafield tag="035" ind1=" " ind2=" "><marc:subfield code="a">(TxDaGIAL)37741100002894</marc:subfield></marc:datafield><marc:controlfield tag="005">20080624154405.0</marc:controlfield><marc:controlfield tag="001">344</marc:controlfield><marc:controlfield tag="003">TxDaGIAL</marc:controlfield><marc:datafield tag="852" ind1=" " ind2=" "><marc:subfield code="p">37741100002894</marc:subfield><marc:subfield code="a">Library</marc:subfield><marc:subfield code="9">$25.67</marc:subfield><marc:subfield code="x">COPYID:391</marc:subfield><marc:subfield code="x">FSC@aRegular@c19950328</marc:subfield><marc:subfield code="h">306.4494438 V337a 1993</marc:subfield><marc:subfield code="z">B/T 3-94</marc:subfield></marc:datafield></marc:record>