
<marc:record><marc:leader>00784nam a22002051  4500</marc:leader>
<marc:controlfield tag="008">940610s1994    xxua          000 0 eng d</marc:controlfield>
<marc:datafield tag="040" ind1=" " ind2=" "><marc:subfield code="a">TxDaGIAL</marc:subfield><marc:subfield code="c">TxDaGIAL</marc:subfield><marc:subfield code="d">TxDaGIAL</marc:subfield></marc:datafield><marc:datafield tag="100" ind1="1" ind2=" "><marc:subfield code="a">Lester, Peter Franklin.</marc:subfield></marc:datafield><marc:datafield tag="245" ind1="1" ind2="0"><marc:subfield code="a">Altered states :</marc:subfield><marc:subfield code="b">a study in Waorani (Auca) stress /</marc:subfield><marc:subfield code="c">by Peter Franklin Lester.</marc:subfield></marc:datafield><marc:datafield tag="260" ind1=" " ind2=" "><marc:subfield code="c">c1994.</marc:subfield></marc:datafield><marc:datafield tag="300" ind1=" " ind2=" "><marc:subfield code="a">xi, 121 leaves :</marc:subfield><marc:subfield code="b">ill. ;</marc:subfield><marc:subfield code="c">29 cm.</marc:subfield></marc:datafield><marc:datafield tag="502" ind1=" " ind2=" "><marc:subfield code="a">Thesis (M.A.)--University of Texas at Arlington, May 1994.</marc:subfield></marc:datafield><marc:datafield tag="504" ind1=" " ind2=" "><marc:subfield code="a">Bibliography: leaves 117-119.</marc:subfield></marc:datafield><marc:datafield tag="650" ind1=" " ind2="0"><marc:subfield code="a">Huao language</marc:subfield><marc:subfield code="x">Phonology.</marc:subfield></marc:datafield><marc:datafield tag="610" ind1="2" ind2="0"><marc:subfield code="a">University of Texas at Arlington.</marc:subfield><marc:subfield code="b">Graduate School.</marc:subfield></marc:datafield><marc:datafield tag="035" ind1=" " ind2=" "><marc:subfield code="a">(TxDaGIAL)37741100000013</marc:subfield></marc:datafield><marc:controlfield tag="005">20080624154405.0</marc:controlfield><marc:controlfield tag="001">345</marc:controlfield><marc:controlfield tag="003">TxDaGIAL</marc:controlfield><marc:datafield tag="852" ind1=" " ind2=" "><marc:subfield code="p">37741100000013</marc:subfield><marc:subfield code="a">Library</marc:subfield><marc:subfield code="x">COPYID:392</marc:subfield><marc:subfield code="x">FSC@aRegular@c19940902</marc:subfield><marc:subfield code="h">498.555 L642 1994</marc:subfield><marc:subfield code="z">gift author, 1994</marc:subfield></marc:datafield></marc:record>