
<marc:record><marc:leader>00788nam a2200193Ia 4500</marc:leader>
<marc:controlfield tag="008">850205s1980    pp a          00011 eng d</marc:controlfield>
<marc:datafield tag="035" ind1=" " ind2=" "><marc:subfield code="a">(CU-UC)6839283</marc:subfield></marc:datafield><marc:datafield tag="040" ind1=" " ind2=" "><marc:subfield code="a">ORU</marc:subfield><marc:subfield code="c">ORU</marc:subfield><marc:subfield code="d">CUS</marc:subfield></marc:datafield><marc:datafield tag="100" ind1="1" ind2="0"><marc:subfield code="a">Saunana, John S.</marc:subfield></marc:datafield><marc:datafield tag="245" ind1="1" ind2="4"><marc:subfield code="a">The alternative /</marc:subfield><marc:subfield code="c">John Saunana.</marc:subfield></marc:datafield><marc:datafield tag="250" ind1=" " ind2=" "><marc:subfield code="a">2nd ed.</marc:subfield></marc:datafield><marc:datafield tag="260" ind1="0" ind2=" "><marc:subfield code="a">Honiara :</marc:subfield><marc:subfield code="b">University of the South Pacific Solomon Islands Centre in association with the South Pacific Creative Arts Society and the Institute of Pacific Studies, the University of the South Pacific,</marc:subfield><marc:subfield code="c">1980</marc:subfield><marc:subfield code="e">(Suva, Fiji :</marc:subfield><marc:subfield code="f">Suva Printing,</marc:subfield><marc:subfield code="g">1982)</marc:subfield></marc:datafield><marc:datafield tag="300" ind1=" " ind2=" "><marc:subfield code="a">108 p. :</marc:subfield><marc:subfield code="b">ill. ;</marc:subfield><marc:subfield code="c">21 cm.</marc:subfield></marc:datafield><marc:datafield tag="546" ind1=" " ind2=" "><marc:subfield code="a">English.</marc:subfield></marc:datafield><marc:datafield tag="035" ind1=" " ind2=" "><marc:subfield code="a">(TxDaGIAL)37741100017129</marc:subfield></marc:datafield><marc:controlfield tag="005">20080624154405.0</marc:controlfield><marc:controlfield tag="001">346</marc:controlfield><marc:controlfield tag="003">TxDaGIAL</marc:controlfield><marc:datafield tag="852" ind1=" " ind2=" "><marc:subfield code="p">37741100017129</marc:subfield><marc:subfield code="a">Library</marc:subfield><marc:subfield code="9">$4.00</marc:subfield><marc:subfield code="x">COPYID:393</marc:subfield><marc:subfield code="x">FSC@aRegular@c19970424</marc:subfield><marc:subfield code="h">899.5 S257a 1980</marc:subfield><marc:subfield code="z">12935</marc:subfield></marc:datafield></marc:record>