
<marc:record><marc:leader>00654nam a2200205 a 4500</marc:leader>
<marc:controlfield tag="008">970902s1980    ctu           000 0 eng d</marc:controlfield>
<marc:datafield tag="040" ind1=" " ind2=" "><marc:subfield code="a">TxDaGIAL</marc:subfield><marc:subfield code="c">TxDaGIAL</marc:subfield></marc:datafield><marc:datafield tag="082" ind1="0" ind2="4"><marc:subfield code="a">621.3841</marc:subfield><marc:subfield code="2">21</marc:subfield></marc:datafield><marc:datafield tag="100" ind1="1" ind2=" "><marc:subfield code="a">Lowry, William R.</marc:subfield></marc:datafield><marc:datafield tag="245" ind1="1" ind2="0"><marc:subfield code="a">Amateur radio /</marc:subfield><marc:subfield code="c">by William R. Lowry.</marc:subfield></marc:datafield><marc:datafield tag="260" ind1=" " ind2=" "><marc:subfield code="a">Elmwood, Conn. :</marc:subfield><marc:subfield code="b">SCELBI Publications,</marc:subfield><marc:subfield code="c">1980.</marc:subfield></marc:datafield><marc:datafield tag="300" ind1=" " ind2=" "><marc:subfield code="a">128 p. :</marc:subfield><marc:subfield code="b">ill. ;</marc:subfield><marc:subfield code="c">28 cm.</marc:subfield></marc:datafield><marc:datafield tag="504" ind1=" " ind2=" "><marc:subfield code="a">Includes bibliographical references and index.</marc:subfield></marc:datafield><marc:datafield tag="546" ind1=" " ind2=" "><marc:subfield code="a">English.</marc:subfield></marc:datafield><marc:datafield tag="650" ind1=" " ind2="0"><marc:subfield code="a">Radio.</marc:subfield></marc:datafield><marc:datafield tag="035" ind1=" " ind2=" "><marc:subfield code="a">(TxDaGIAL)37741100020093</marc:subfield></marc:datafield><marc:controlfield tag="005">20080624154406.0</marc:controlfield><marc:controlfield tag="001">348</marc:controlfield><marc:controlfield tag="003">TxDaGIAL</marc:controlfield><marc:datafield tag="852" ind1=" " ind2=" "><marc:subfield code="p">37741100020093</marc:subfield><marc:subfield code="a">Library</marc:subfield><marc:subfield code="x">COPYID:395</marc:subfield><marc:subfield code="x">FSC@aRegular@c19970811</marc:subfield><marc:subfield code="h">621.384 L921a 1980</marc:subfield><marc:subfield code="z">8716</marc:subfield></marc:datafield></marc:record>