
<marc:record><marc:leader>00984cam a2200277 i 4500</marc:leader>
<marc:controlfield tag="008">710607s1971    ilua     b    00100 eng  </marc:controlfield>
<marc:datafield tag="010" ind1=" " ind2=" "><marc:subfield code="a">   73133491 //r83</marc:subfield></marc:datafield><marc:datafield tag="020" ind1=" " ind2=" "><marc:subfield code="a">0226707318 (cloth)</marc:subfield></marc:datafield><marc:datafield tag="020" ind1=" " ind2=" "><marc:subfield code="a">0226707326 (pbk.) :</marc:subfield><marc:subfield code="c">$7.95</marc:subfield></marc:datafield><marc:datafield tag="040" ind1=" " ind2=" "><marc:subfield code="a">DLC</marc:subfield><marc:subfield code="c">DLC</marc:subfield><marc:subfield code="d">TxDaGIAL</marc:subfield></marc:datafield><marc:datafield tag="041" ind1="1" ind2=" "><marc:subfield code="a">engund</marc:subfield></marc:datafield><marc:datafield tag="050" ind1="0" ind2=" "><marc:subfield code="a">F2270.2.D4</marc:subfield><marc:subfield code="b">R413</marc:subfield></marc:datafield><marc:datafield tag="082" ind1=" " ind2=" "><marc:subfield code="a">980.3</marc:subfield></marc:datafield><marc:datafield tag="100" ind1="1" ind2="0"><marc:subfield code="a">Reichel-Dolmatoff, Gerardo.</marc:subfield></marc:datafield><marc:datafield tag="240" ind1="1" ind2="0"><marc:subfield code="a">Desana.</marc:subfield><marc:subfield code="l">English.</marc:subfield></marc:datafield><marc:datafield tag="245" ind1="1" ind2="0"><marc:subfield code="a">Amazonian cosmos :</marc:subfield><marc:subfield code="b">the sexual and religious symbolism of the Tukano Indians. /</marc:subfield><marc:subfield code="c">Gerardo Reichel-Dolmatoff.</marc:subfield></marc:datafield><marc:datafield tag="260" ind1="0" ind2=" "><marc:subfield code="a">Chicago :</marc:subfield><marc:subfield code="b">University of Chicago Press,</marc:subfield><marc:subfield code="c">1971.</marc:subfield></marc:datafield><marc:datafield tag="300" ind1=" " ind2=" "><marc:subfield code="a">xxiii, 290 p., [16] p. plates :</marc:subfield><marc:subfield code="b">ill., map., ports. ;</marc:subfield><marc:subfield code="c">24 cm.</marc:subfield></marc:datafield><marc:datafield tag="500" ind1=" " ind2=" "><marc:subfield code="a">Translation of Desana.</marc:subfield></marc:datafield><marc:datafield tag="504" ind1=" " ind2=" "><marc:subfield code="a">Bibliography: p. 276-280.</marc:subfield></marc:datafield><marc:datafield tag="650" ind1=" " ind2="0"><marc:subfield code="a">Desana Indians.</marc:subfield></marc:datafield><marc:datafield tag="035" ind1=" " ind2=" "><marc:subfield code="a">(TxDaGIAL)37741100008603</marc:subfield></marc:datafield><marc:controlfield tag="005">20080624154406.0</marc:controlfield><marc:controlfield tag="001">352</marc:controlfield><marc:controlfield tag="003">TxDaGIAL</marc:controlfield><marc:datafield tag="852" ind1=" " ind2=" "><marc:subfield code="p">37741100008603</marc:subfield><marc:subfield code="a">Library</marc:subfield><marc:subfield code="9">$7.95</marc:subfield><marc:subfield code="x">COPYID:399</marc:subfield><marc:subfield code="x">FSC@aRegular@c19951004</marc:subfield><marc:subfield code="h">306.08998 R349d.E 1971</marc:subfield><marc:subfield code="z">B/T 8-91</marc:subfield></marc:datafield></marc:record>