
<marc:record><marc:leader>00855cam a2200241   4500</marc:leader>
<marc:controlfield tag="008">731003s1966    nyua          00000 eng  </marc:controlfield>
<marc:datafield tag="010" ind1=" " ind2=" "><marc:subfield code="a">   65010211 //r83</marc:subfield></marc:datafield><marc:datafield tag="040" ind1=" " ind2=" "><marc:subfield code="a">DLC</marc:subfield><marc:subfield code="c">DLC</marc:subfield><marc:subfield code="d">TxDaGIAL</marc:subfield></marc:datafield><marc:datafield tag="041" ind1="1" ind2=" "><marc:subfield code="a">engfre</marc:subfield></marc:datafield><marc:datafield tag="043" ind1=" " ind2=" "><marc:subfield code="a">fb-----</marc:subfield></marc:datafield><marc:datafield tag="050" ind1="0" ind2=" "><marc:subfield code="a">DT352</marc:subfield><marc:subfield code="b">.B313 1966a</marc:subfield></marc:datafield><marc:datafield tag="082" ind1=" " ind2=" "><marc:subfield code="a">916.033</marc:subfield></marc:datafield><marc:datafield tag="100" ind1="1" ind2="0"><marc:subfield code="a">Balandier, Georges.</marc:subfield></marc:datafield><marc:datafield tag="240" ind1="1" ind2="0"><marc:subfield code="a">Afrique ambigu.</marc:subfield><marc:subfield code="l">English.</marc:subfield></marc:datafield><marc:datafield tag="245" ind1="1" ind2="0"><marc:subfield code="a">Ambiguous Africa :</marc:subfield><marc:subfield code="b">cultures in collision /</marc:subfield><marc:subfield code="c">by Georges Balandier ; translated from the French by Helen Weaver.</marc:subfield></marc:datafield><marc:datafield tag="260" ind1="0" ind2=" "><marc:subfield code="a">New York :</marc:subfield><marc:subfield code="b">Pantheon Books,</marc:subfield><marc:subfield code="c">c1966.</marc:subfield></marc:datafield><marc:datafield tag="300" ind1=" " ind2=" "><marc:subfield code="a">ix, 276 p. :</marc:subfield><marc:subfield code="b">illus., maps, plans. ;</marc:subfield><marc:subfield code="c">22 cm.</marc:subfield></marc:datafield><marc:datafield tag="651" ind1=" " ind2="0"><marc:subfield code="a">Africa, Sub-Saharan</marc:subfield><marc:subfield code="x">Civilization.</marc:subfield></marc:datafield><marc:datafield tag="035" ind1=" " ind2=" "><marc:subfield code="a">(TxDaGIAL)37741100007406</marc:subfield></marc:datafield><marc:controlfield tag="005">20080624154407.0</marc:controlfield><marc:controlfield tag="001">354</marc:controlfield><marc:controlfield tag="003">TxDaGIAL</marc:controlfield><marc:datafield tag="852" ind1=" " ind2=" "><marc:subfield code="p">37741100007406</marc:subfield><marc:subfield code="a">Library</marc:subfield><marc:subfield code="x">COPYID:401</marc:subfield><marc:subfield code="x">FSC@aRegular@c19950830</marc:subfield><marc:subfield code="h">916.033 B171a.E 1966a</marc:subfield><marc:subfield code="z">Gift Jeff Schrum 5-93</marc:subfield></marc:datafield></marc:record>