
<marc:record><marc:leader>01096aam a2200313 a 4500</marc:leader>
<marc:controlfield tag="008">950425s1994    paua          000 0ceng  </marc:controlfield>
<marc:datafield tag="010" ind1=" " ind2=" "><marc:subfield code="a">   95133939</marc:subfield></marc:datafield><marc:datafield tag="020" ind1=" " ind2=" "><marc:subfield code="a">087508740X (pbk.) :</marc:subfield><marc:subfield code="c">$8.95</marc:subfield></marc:datafield><marc:datafield tag="040" ind1=" " ind2=" "><marc:subfield code="a">DLC</marc:subfield><marc:subfield code="c">DLC</marc:subfield></marc:datafield><marc:datafield tag="043" ind1=" " ind2=" "><marc:subfield code="a">f-ke---</marc:subfield></marc:datafield><marc:datafield tag="050" ind1="0" ind2="0"><marc:subfield code="a">BR1608.K46</marc:subfield><marc:subfield code="b">S66 1994</marc:subfield></marc:datafield><marc:datafield tag="082" ind1="0" ind2="0"><marc:subfield code="a">276.762/082/0922</marc:subfield><marc:subfield code="a">B</marc:subfield><marc:subfield code="2">20</marc:subfield></marc:datafield><marc:datafield tag="100" ind1="1" ind2=" "><marc:subfield code="a">Smoker, Dorothy.</marc:subfield></marc:datafield><marc:datafield tag="245" ind1="1" ind2="0"><marc:subfield code="a">Ambushed by Love :</marc:subfield><marc:subfield code="b">God's triumph in Kenya's terror /</marc:subfield><marc:subfield code="c">compiled by Dorothy Smoker.</marc:subfield></marc:datafield><marc:datafield tag="250" ind1=" " ind2=" "><marc:subfield code="a">1st ed.</marc:subfield></marc:datafield><marc:datafield tag="260" ind1=" " ind2=" "><marc:subfield code="a">Fort Washington, Pa. :</marc:subfield><marc:subfield code="b">Christian Literature Crusade,</marc:subfield><marc:subfield code="c">1994.</marc:subfield></marc:datafield><marc:datafield tag="300" ind1=" " ind2=" "><marc:subfield code="a">284 p. :</marc:subfield><marc:subfield code="b">ill. ;</marc:subfield><marc:subfield code="c">21 cm.</marc:subfield></marc:datafield><marc:datafield tag="650" ind1=" " ind2="0"><marc:subfield code="a">Persecution</marc:subfield><marc:subfield code="z">Kenya</marc:subfield><marc:subfield code="x">History</marc:subfield><marc:subfield code="y">20th century.</marc:subfield></marc:datafield><marc:datafield tag="650" ind1=" " ind2="0"><marc:subfield code="a">Christian biography</marc:subfield><marc:subfield code="z">Kenya.</marc:subfield></marc:datafield><marc:datafield tag="610" ind1="2" ind2="0"><marc:subfield code="a">Mau Mau</marc:subfield><marc:subfield code="v">Biography.</marc:subfield></marc:datafield><marc:datafield tag="650" ind1=" " ind2="0"><marc:subfield code="a">Converts</marc:subfield><marc:subfield code="z">Kenya</marc:subfield><marc:subfield code="v">Biography.</marc:subfield></marc:datafield><marc:datafield tag="651" ind1=" " ind2="0"><marc:subfield code="a">Kenya</marc:subfield><marc:subfield code="x">History</marc:subfield><marc:subfield code="y">To 1963.</marc:subfield></marc:datafield><marc:datafield tag="651" ind1=" " ind2="0"><marc:subfield code="a">Kenya</marc:subfield><marc:subfield code="x">History</marc:subfield><marc:subfield code="y">1963-</marc:subfield></marc:datafield><marc:datafield tag="651" ind1=" " ind2="0"><marc:subfield code="a">Kenya</marc:subfield><marc:subfield code="x">Church history</marc:subfield><marc:subfield code="y">20th century.</marc:subfield></marc:datafield><marc:datafield tag="035" ind1=" " ind2=" "><marc:subfield code="a">(TxDaGIAL)37741100010442</marc:subfield></marc:datafield><marc:controlfield tag="005">20080624154407.0</marc:controlfield><marc:controlfield tag="001">356</marc:controlfield><marc:controlfield tag="003">TxDaGIAL</marc:controlfield><marc:datafield tag="852" ind1=" " ind2=" "><marc:subfield code="p">37741100010442</marc:subfield><marc:subfield code="a">Library</marc:subfield><marc:subfield code="9">$7.70</marc:subfield><marc:subfield code="x">FUND:Miss</marc:subfield><marc:subfield code="x">COPYID:403</marc:subfield><marc:subfield code="x">FSC@aRegular@c19960326</marc:subfield><marc:subfield code="h">276.762 S666a 1994</marc:subfield><marc:subfield code="z">B/T 2-96</marc:subfield></marc:datafield></marc:record>