
<marc:record><marc:leader>02179nam a2200397 a 4500</marc:leader>
<marc:controlfield tag="008">970417i19481950wiuabf        000 0 eng d</marc:controlfield>
<marc:datafield tag="040" ind1=" " ind2=" "><marc:subfield code="a">TxDaGIAL</marc:subfield><marc:subfield code="c">TxDaGIAL</marc:subfield></marc:datafield><marc:datafield tag="245" ind1="0" ind2="0"><marc:subfield code="a">American Anthropologist Memoirs 68-72.</marc:subfield></marc:datafield><marc:datafield tag="260" ind1=" " ind2=" "><marc:subfield code="a">Menasha, Wis. :</marc:subfield><marc:subfield code="b">American Anthropological Association,</marc:subfield><marc:subfield code="c">1948-50.</marc:subfield></marc:datafield><marc:datafield tag="300" ind1=" " ind2=" "><marc:subfield code="a">5 v. bound in one :</marc:subfield><marc:subfield code="b">ill., map, plates ;</marc:subfield><marc:subfield code="c">25 cm.</marc:subfield></marc:datafield><marc:datafield tag="440" ind1=" " ind2="0"><marc:subfield code="a">Memoirs of the Aamerican Anthropological Association ;</marc:subfield><marc:subfield code="v">no. 68-72</marc:subfield></marc:datafield><marc:datafield tag="504" ind1=" " ind2=" "><marc:subfield code="a">Includes bibliographical references.</marc:subfield></marc:datafield><marc:datafield tag="505" ind1="0" ind2=" "><marc:subfield code="a">No. 68. The Aymara Indians of the Lake Titicaca Plateau, Bolivia / Weston La Barre -- No. 69. A study of archeology / Walter W. Taylor -- No. 70. The Pueblo Indians of New Mexico, Their land, economy and civil organization / S.D. Aberle -- No. 71. The social and religious life of a Guatemalan village / Charles Wagley -- No. 72. Acculturation and personality among the Wisconsin Chippewa / Victor Barnouw.</marc:subfield></marc:datafield><marc:datafield tag="650" ind1=" " ind2="0"><marc:subfield code="a">Aymara Indians.</marc:subfield></marc:datafield><marc:datafield tag="650" ind1=" " ind2="0"><marc:subfield code="a">Archaeology.</marc:subfield></marc:datafield><marc:datafield tag="650" ind1=" " ind2="0"><marc:subfield code="a">Pueblo Indians.</marc:subfield></marc:datafield><marc:datafield tag="650" ind1=" " ind2="0"><marc:subfield code="a">Indians of Central America</marc:subfield><marc:subfield code="x">Social life and customs.</marc:subfield></marc:datafield><marc:datafield tag="650" ind1=" " ind2="0"><marc:subfield code="a">Indian mythology</marc:subfield><marc:subfield code="z">Central America.</marc:subfield></marc:datafield><marc:datafield tag="650" ind1=" " ind2="0"><marc:subfield code="a">Ojibwa Indians.</marc:subfield></marc:datafield><marc:datafield tag="650" ind1=" " ind2="0"><marc:subfield code="a">Indians of North America</marc:subfield><marc:subfield code="z">Wisconsin.</marc:subfield></marc:datafield><marc:datafield tag="651" ind1=" " ind2="0"><marc:subfield code="a">Santiago Chimaltenango (Guatemala)</marc:subfield></marc:datafield><marc:datafield tag="700" ind1="1" ind2="0"><marc:subfield code="a">La Barre, Weston,</marc:subfield><marc:subfield code="d">1911-</marc:subfield><marc:subfield code="t">Aymara Indians of the Lake Titicaca Plateau, Bolivia.</marc:subfield></marc:datafield><marc:datafield tag="700" ind1="1" ind2="0"><marc:subfield code="a">Taylor, Walter W.</marc:subfield><marc:subfield code="q">(Walter Willard).</marc:subfield><marc:subfield code="t">A study of archeology.</marc:subfield></marc:datafield><marc:datafield tag="700" ind1="1" ind2="0"><marc:subfield code="a">Aberle, Sophie D.,</marc:subfield><marc:subfield code="d">1899-</marc:subfield><marc:subfield code="t">Pueblo Indians of New Mexico.</marc:subfield></marc:datafield><marc:datafield tag="700" ind1="1" ind2="0"><marc:subfield code="a">Wagley, Charles,</marc:subfield><marc:subfield code="d">1913-</marc:subfield><marc:subfield code="t">Social and religious life of a Guatemalan village.</marc:subfield></marc:datafield><marc:datafield tag="700" ind1="1" ind2="0"><marc:subfield code="a">Barnouw, Victor.</marc:subfield><marc:subfield code="t">Acculturation and personality among the Wisconsin Chippewa.</marc:subfield></marc:datafield><marc:datafield tag="740" ind1="4" ind2="1"><marc:subfield code="a">The Aymara Indians of the Lake Titicaca Plateau, Bolivia.</marc:subfield></marc:datafield><marc:datafield tag="740" ind1="2" ind2="1"><marc:subfield code="a">A study of archeology.</marc:subfield></marc:datafield><marc:datafield tag="740" ind1="4" ind2="1"><marc:subfield code="a">The Pueblo Indians of New Mexico.</marc:subfield></marc:datafield><marc:datafield tag="740" ind1="0" ind2="1"><marc:subfield code="a">Social and religious life of a Guatemalan village.</marc:subfield></marc:datafield><marc:datafield tag="740" ind1="0" ind2="1"><marc:subfield code="a">Acculturation and personality among the Wisconsin Chippewa.</marc:subfield></marc:datafield><marc:datafield tag="035" ind1=" " ind2=" "><marc:subfield code="a">(TxDaGIAL)37741100016876</marc:subfield></marc:datafield><marc:controlfield tag="005">20080624154407.0</marc:controlfield><marc:controlfield tag="001">357</marc:controlfield><marc:controlfield tag="003">TxDaGIAL</marc:controlfield><marc:datafield tag="852" ind1=" " ind2=" "><marc:subfield code="p">37741100016876</marc:subfield><marc:subfield code="a">Library</marc:subfield><marc:subfield code="x">COPYID:404</marc:subfield><marc:subfield code="x">FSC@aRegular@c19970416</marc:subfield><marc:subfield code="h">301.05 A512m m.68-72 1948-50</marc:subfield><marc:subfield code="z">1303</marc:subfield></marc:datafield></marc:record>