
<marc:record><marc:leader>01466nam a2200325 a 4500</marc:leader>
<marc:controlfield tag="008">970417i19521953wiuaf         000 0 eng d</marc:controlfield>
<marc:datafield tag="040" ind1=" " ind2=" "><marc:subfield code="a">TxDaGIAL</marc:subfield><marc:subfield code="c">TxDaGIAL</marc:subfield></marc:datafield><marc:datafield tag="245" ind1="0" ind2="0"><marc:subfield code="a">American Anthropologist Memoirs 73-75.</marc:subfield></marc:datafield><marc:datafield tag="260" ind1=" " ind2=" "><marc:subfield code="a">Menasha, Wis. :</marc:subfield><marc:subfield code="b">American Anthropological Association,</marc:subfield><marc:subfield code="c">1952-53.</marc:subfield></marc:datafield><marc:datafield tag="300" ind1=" " ind2=" "><marc:subfield code="a">3 v. bound in one ;</marc:subfield><marc:subfield code="c">25 cm.</marc:subfield></marc:datafield><marc:datafield tag="440" ind1=" " ind2="0"><marc:subfield code="a">Memoirs of the Aamerican Anthropological Association ;</marc:subfield><marc:subfield code="v">no. 73-75</marc:subfield></marc:datafield><marc:datafield tag="504" ind1=" " ind2=" "><marc:subfield code="a">Includes bibliographical references and index.</marc:subfield></marc:datafield><marc:datafield tag="505" ind1="0" ind2=" "><marc:subfield code="a">No. 73. Cayu culture change, a study in acculturation and methodology / James B. Watson -- No. 74. Haitian Creole: grammar, texts, vocabulary / Robert A. Hall, Jr. -- No. 75. Studies in Chinese thought / edited by Arthur F. Wright.</marc:subfield></marc:datafield><marc:datafield tag="650" ind1=" " ind2="0"><marc:subfield code="a">Caingua Indians.</marc:subfield></marc:datafield><marc:datafield tag="650" ind1=" " ind2="0"><marc:subfield code="a">Acculturation.</marc:subfield></marc:datafield><marc:datafield tag="650" ind1=" " ind2="0"><marc:subfield code="a">Creole dialects</marc:subfield><marc:subfield code="z">Haiti.</marc:subfield></marc:datafield><marc:datafield tag="650" ind1=" " ind2="0"><marc:subfield code="a">Chinese language</marc:subfield><marc:subfield code="x">Translating.</marc:subfield></marc:datafield><marc:datafield tag="650" ind1=" " ind2="0"><marc:subfield code="a">Philosophy, Chinese.</marc:subfield></marc:datafield><marc:datafield tag="651" ind1=" " ind2="0"><marc:subfield code="a">China</marc:subfield><marc:subfield code="x">Civilization.</marc:subfield></marc:datafield><marc:datafield tag="700" ind1="1" ind2="0"><marc:subfield code="a">Watson, James B.</marc:subfield><marc:subfield code="q">(James Bennett),</marc:subfield><marc:subfield code="d">1918-</marc:subfield><marc:subfield code="t">Cayua culture change.</marc:subfield></marc:datafield><marc:datafield tag="700" ind1="1" ind2="0"><marc:subfield code="a">Hall, Robert Anderson,</marc:subfield><marc:subfield code="d">1911-</marc:subfield><marc:subfield code="t">Haitian Creole.</marc:subfield></marc:datafield><marc:datafield tag="700" ind1="1" ind2="0"><marc:subfield code="a">Wright, Arthur F.,</marc:subfield><marc:subfield code="d">1913-1976</marc:subfield><marc:subfield code="t">Studies in Chinese thought.</marc:subfield></marc:datafield><marc:datafield tag="740" ind1="0" ind2="1"><marc:subfield code="a">Cayua culture change.</marc:subfield></marc:datafield><marc:datafield tag="740" ind1="0" ind2="1"><marc:subfield code="a">Haitian Creole.</marc:subfield></marc:datafield><marc:datafield tag="740" ind1="0" ind2="1"><marc:subfield code="a">Studies in Chinese thought.</marc:subfield></marc:datafield><marc:datafield tag="035" ind1=" " ind2=" "><marc:subfield code="a">(TxDaGIAL)37741100016877</marc:subfield></marc:datafield><marc:controlfield tag="005">20080624154407.0</marc:controlfield><marc:controlfield tag="001">358</marc:controlfield><marc:controlfield tag="003">TxDaGIAL</marc:controlfield><marc:datafield tag="852" ind1=" " ind2=" "><marc:subfield code="p">37741100016877</marc:subfield><marc:subfield code="a">Library</marc:subfield><marc:subfield code="x">COPYID:405</marc:subfield><marc:subfield code="x">FSC@aRegular@c19970416</marc:subfield><marc:subfield code="h">301.05 A512m m.73-75 1952-53</marc:subfield><marc:subfield code="z">1304</marc:subfield></marc:datafield></marc:record>