
<marc:record><marc:leader>01453nam a2200289 a 4500</marc:leader>
<marc:controlfield tag="008">970417s1955    wiuabd        000 0 eng d</marc:controlfield>
<marc:datafield tag="040" ind1=" " ind2=" "><marc:subfield code="a">TxDaGIAL</marc:subfield><marc:subfield code="c">TxDaGIAL</marc:subfield></marc:datafield><marc:datafield tag="245" ind1="0" ind2="0"><marc:subfield code="a">American Anthropologist Memoirs 80-82.</marc:subfield></marc:datafield><marc:datafield tag="260" ind1=" " ind2=" "><marc:subfield code="a">Menasha, Wis. :</marc:subfield><marc:subfield code="b">American Anthropological Association,</marc:subfield><marc:subfield code="c">1955.</marc:subfield></marc:datafield><marc:datafield tag="300" ind1=" " ind2=" "><marc:subfield code="a">3 v. bound in one :</marc:subfield><marc:subfield code="b">ill., maps, tables ;</marc:subfield><marc:subfield code="c">25 cm.</marc:subfield></marc:datafield><marc:datafield tag="440" ind1=" " ind2="0"><marc:subfield code="a">Memoirs of the Aamerican Anthropological Association ;</marc:subfield><marc:subfield code="v">no. 80-82</marc:subfield></marc:datafield><marc:datafield tag="504" ind1=" " ind2=" "><marc:subfield code="a">Includes bibliographical references and index.</marc:subfield></marc:datafield><marc:datafield tag="505" ind1="0" ind2=" "><marc:subfield code="a">No. 80. In search of wealth / Cyril S. Belshaw -- No. 81. Islam: essays in the nature and growth of a cultural tradition / G. E. Von Grunebaum -- No. 82. Mogollon culture prior to A.D. 1000 / Joe Ben Wheat.</marc:subfield></marc:datafield><marc:datafield tag="650" ind1=" " ind2="0"><marc:subfield code="a">Ethnology</marc:subfield><marc:subfield code="z">Papua New Guinea.</marc:subfield></marc:datafield><marc:datafield tag="650" ind1=" " ind2="0"><marc:subfield code="a">Civilization, Islamic.</marc:subfield></marc:datafield><marc:datafield tag="650" ind1=" " ind2="0"><marc:subfield code="a">Mogollon Indians.</marc:subfield></marc:datafield><marc:datafield tag="700" ind1="1" ind2="0"><marc:subfield code="a">Belshaw, Cyril S.</marc:subfield><marc:subfield code="t">In search of wealth.</marc:subfield></marc:datafield><marc:datafield tag="700" ind1="1" ind2="0"><marc:subfield code="a">Von Grunebaum, Gustave E.</marc:subfield><marc:subfield code="q">(Gustave Edmund),</marc:subfield><marc:subfield code="d">1909-1972.</marc:subfield><marc:subfield code="t">Islam: essays in the nature and growth of a cultural tradition.</marc:subfield></marc:datafield><marc:datafield tag="700" ind1="1" ind2="0"><marc:subfield code="a">Wheat, Joe Ben.</marc:subfield><marc:subfield code="t">Mogololon culture prior to A. D. 1000.</marc:subfield></marc:datafield><marc:datafield tag="740" ind1="0" ind2="1"><marc:subfield code="a">In search of wealth.</marc:subfield></marc:datafield><marc:datafield tag="740" ind1="0" ind2="1"><marc:subfield code="a">Islam: essays in the nature and growth of a cultural tradition.</marc:subfield></marc:datafield><marc:datafield tag="740" ind1="0" ind2="1"><marc:subfield code="a">Mogololon culture prior to A. D. 1000.</marc:subfield></marc:datafield><marc:datafield tag="035" ind1=" " ind2=" "><marc:subfield code="a">(TxDaGIAL)37741100016879</marc:subfield></marc:datafield><marc:controlfield tag="005">20080624154408.0</marc:controlfield><marc:controlfield tag="001">359</marc:controlfield><marc:controlfield tag="003">TxDaGIAL</marc:controlfield><marc:datafield tag="852" ind1=" " ind2=" "><marc:subfield code="p">37741100016879</marc:subfield><marc:subfield code="a">Library</marc:subfield><marc:subfield code="x">COPYID:406</marc:subfield><marc:subfield code="x">FSC@aRegular@c19970416</marc:subfield><marc:subfield code="h">301.05 A512m m.80-82 1955</marc:subfield><marc:subfield code="z">1306</marc:subfield></marc:datafield></marc:record>