
<marc:record><marc:leader>01604nam a2200313 a 4500</marc:leader>
<marc:controlfield tag="008">970417s1955    wiuab         000 0 eng d</marc:controlfield>
<marc:datafield tag="040" ind1=" " ind2=" "><marc:subfield code="a">TxDaGIAL</marc:subfield><marc:subfield code="c">TxDaGIAL</marc:subfield></marc:datafield><marc:datafield tag="245" ind1="0" ind2="0"><marc:subfield code="a">American Anthropologist Memoirs 83-85.</marc:subfield></marc:datafield><marc:datafield tag="260" ind1=" " ind2=" "><marc:subfield code="a">Menasha, Wis. :</marc:subfield><marc:subfield code="b">American Anthropological Association,</marc:subfield><marc:subfield code="c">1955.</marc:subfield></marc:datafield><marc:datafield tag="300" ind1=" " ind2=" "><marc:subfield code="a">3 v. bound in one :</marc:subfield><marc:subfield code="b">ill., maps ;</marc:subfield><marc:subfield code="c">25 cm.</marc:subfield></marc:datafield><marc:datafield tag="440" ind1=" " ind2="0"><marc:subfield code="a">Memoirs of the Aamerican Anthropological Association ;</marc:subfield><marc:subfield code="v">no. 83-85</marc:subfield></marc:datafield><marc:datafield tag="504" ind1=" " ind2=" "><marc:subfield code="a">Includes bibliographical references.</marc:subfield></marc:datafield><marc:datafield tag="505" ind1="0" ind2=" "><marc:subfield code="a">No. 83. Village India: studies in the little community / edited by McKim Marriott -- No. 84. Indo-European languages and archeology / Hugh Hencken -- No. 85. The human element in industrialization: a hypothetical case study of Ecuadorean Indians / Beate R. Salz.</marc:subfield></marc:datafield><marc:datafield tag="650" ind1=" " ind2="0"><marc:subfield code="a">Villages</marc:subfield><marc:subfield code="z">India</marc:subfield><marc:subfield code="v">Case studies.</marc:subfield></marc:datafield><marc:datafield tag="650" ind1=" " ind2="0"><marc:subfield code="a">Indo-Europeans.</marc:subfield></marc:datafield><marc:datafield tag="651" ind1=" " ind2="0"><marc:subfield code="a">Ecuador</marc:subfield><marc:subfield code="x">Economic conditions.</marc:subfield></marc:datafield><marc:datafield tag="650" ind1=" " ind2="0"><marc:subfield code="a">Indians of South America</marc:subfield><marc:subfield code="z">Ecuador.</marc:subfield></marc:datafield><marc:datafield tag="651" ind1=" " ind2="0"><marc:subfield code="a">India</marc:subfield><marc:subfield code="x">Social conditions</marc:subfield><marc:subfield code="y">1947-</marc:subfield></marc:datafield><marc:datafield tag="700" ind1="1" ind2="0"><marc:subfield code="a">Marriott, McKim.</marc:subfield><marc:subfield code="t">Village India.</marc:subfield></marc:datafield><marc:datafield tag="700" ind1="1" ind2="0"><marc:subfield code="a">Hencken, Hugh O'Neill,</marc:subfield><marc:subfield code="d">1902-</marc:subfield><marc:subfield code="t">Indo-European languages and archeology.</marc:subfield></marc:datafield><marc:datafield tag="700" ind1="1" ind2="0"><marc:subfield code="a">Salz, Beate R.</marc:subfield><marc:subfield code="t">Human element in industrialization: a hypothetical case study of Ecuadorean Indians.</marc:subfield></marc:datafield><marc:datafield tag="740" ind1="0" ind2="1"><marc:subfield code="a">Village India.</marc:subfield></marc:datafield><marc:datafield tag="740" ind1="0" ind2="1"><marc:subfield code="a">Indo-European languages and archeology.</marc:subfield></marc:datafield><marc:datafield tag="740" ind1="4" ind2="1"><marc:subfield code="a">The human element in industrialization: a hypothetical case study of Ecuadorean Indians.</marc:subfield></marc:datafield><marc:datafield tag="035" ind1=" " ind2=" "><marc:subfield code="a">(TxDaGIAL)37741100016880</marc:subfield></marc:datafield><marc:controlfield tag="005">20080624154408.0</marc:controlfield><marc:controlfield tag="001">360</marc:controlfield><marc:controlfield tag="003">TxDaGIAL</marc:controlfield><marc:datafield tag="852" ind1=" " ind2=" "><marc:subfield code="p">37741100016880</marc:subfield><marc:subfield code="a">Library</marc:subfield><marc:subfield code="x">COPYID:407</marc:subfield><marc:subfield code="x">FSC@aRegular@c19970416</marc:subfield><marc:subfield code="h">301.05 A512m m.83-85 1955</marc:subfield><marc:subfield code="z">2035</marc:subfield></marc:datafield></marc:record>