
<marc:record><marc:leader>00965nam a2200265   4500</marc:leader>
<marc:controlfield tag="008">710721s1971    pau      b    00010 eng  </marc:controlfield>
<marc:datafield tag="010" ind1=" " ind2=" "><marc:subfield code="a">   70026361</marc:subfield></marc:datafield><marc:datafield tag="040" ind1=" " ind2=" "><marc:subfield code="a">DLC</marc:subfield><marc:subfield code="c">DLC</marc:subfield><marc:subfield code="d">TxDaGIAL</marc:subfield></marc:datafield><marc:datafield tag="043" ind1=" " ind2=" "><marc:subfield code="a">n-us---</marc:subfield></marc:datafield><marc:datafield tag="050" ind1="0" ind2=" "><marc:subfield code="a">LC1090</marc:subfield><marc:subfield code="b">.D55 no. 3</marc:subfield></marc:datafield><marc:datafield tag="082" ind1=" " ind2=" "><marc:subfield code="a">370.19</marc:subfield></marc:datafield><marc:datafield tag="100" ind1="1" ind2="0"><marc:subfield code="a">Stewart, Edward C.</marc:subfield></marc:datafield><marc:datafield tag="245" ind1="1" ind2="0"><marc:subfield code="a">American cultural patterns :</marc:subfield><marc:subfield code="b">a cross-cultural perspective /</marc:subfield><marc:subfield code="c">Edward C. Stewart.</marc:subfield></marc:datafield><marc:datafield tag="260" ind1="0" ind2=" "><marc:subfield code="a">Pittsburgh :</marc:subfield><marc:subfield code="b">Regional Council for International Education,</marc:subfield><marc:subfield code="c">1971.</marc:subfield></marc:datafield><marc:datafield tag="300" ind1=" " ind2=" "><marc:subfield code="a">100 p. ;</marc:subfield><marc:subfield code="c">23 cm.</marc:subfield></marc:datafield><marc:datafield tag="440" ind1=" " ind2="0"><marc:subfield code="a">Dimensions of international education ;</marc:subfield><marc:subfield code="v">no. 3</marc:subfield></marc:datafield><marc:datafield tag="504" ind1=" " ind2=" "><marc:subfield code="a">Bibliography: p. 93-98.</marc:subfield></marc:datafield><marc:datafield tag="650" ind1=" " ind2="0"><marc:subfield code="a">Educational anthropology.</marc:subfield></marc:datafield><marc:datafield tag="650" ind1=" " ind2="0"><marc:subfield code="a">Interpersonal relations.</marc:subfield></marc:datafield><marc:datafield tag="035" ind1=" " ind2=" "><marc:subfield code="a">(TxDaGIAL)37741100007992</marc:subfield></marc:datafield><marc:controlfield tag="005">20080624154408.0</marc:controlfield><marc:controlfield tag="001">362</marc:controlfield><marc:controlfield tag="003">TxDaGIAL</marc:controlfield><marc:datafield tag="852" ind1=" " ind2=" "><marc:subfield code="p">37741100007992</marc:subfield><marc:subfield code="a">Library</marc:subfield><marc:subfield code="x">COPYID:409</marc:subfield><marc:subfield code="x">FSC@aRegular@c19950913</marc:subfield><marc:subfield code="h">306.43 S849 1972</marc:subfield><marc:subfield code="z">4733</marc:subfield></marc:datafield><marc:datafield tag="852" ind1=" " ind2=" "><marc:subfield code="p">37741100007993</marc:subfield><marc:subfield code="a">Library</marc:subfield><marc:subfield code="x">COPYID:410</marc:subfield><marc:subfield code="x">FSC@aRegular@c19950913</marc:subfield><marc:subfield code="h">306.43 S849 1972</marc:subfield><marc:subfield code="z">9721</marc:subfield></marc:datafield></marc:record>