
<marc:record><marc:leader>01162pam a2200289 a 4500</marc:leader>
<marc:controlfield tag="008">931220s1993    ne       b    001 0 eng  </marc:controlfield>
<marc:datafield tag="010" ind1=" " ind2=" "><marc:subfield code="a">   93018385</marc:subfield></marc:datafield><marc:datafield tag="020" ind1=" " ind2=" "><marc:subfield code="a">1556194889 :</marc:subfield><marc:subfield code="c">$89.00</marc:subfield></marc:datafield><marc:datafield tag="040" ind1=" " ind2=" "><marc:subfield code="a">DLC</marc:subfield><marc:subfield code="c">DLC</marc:subfield><marc:subfield code="d">DLC</marc:subfield></marc:datafield><marc:datafield tag="043" ind1=" " ind2=" "><marc:subfield code="a">n-us---</marc:subfield></marc:datafield><marc:datafield tag="050" ind1="0" ind2="0"><marc:subfield code="a">PE2841</marc:subfield><marc:subfield code="b">.A74 1993</marc:subfield></marc:datafield><marc:datafield tag="069" ind1=" " ind2=" "><marc:subfield code="a">09139515</marc:subfield></marc:datafield><marc:datafield tag="082" ind1="0" ind2="0"><marc:subfield code="a">427/.973</marc:subfield><marc:subfield code="2">20</marc:subfield></marc:datafield><marc:datafield tag="245" ind1="0" ind2="0"><marc:subfield code="a">American dialect research /</marc:subfield><marc:subfield code="c">edited by Dennis R. Preston ; with the assistance of the members of the committee, John G. Fought ... [et al.] and the distinguished honorary members of the committee, Dwight Bolinger and Charles F. Hockett.</marc:subfield></marc:datafield><marc:datafield tag="260" ind1=" " ind2=" "><marc:subfield code="a">Amsterdam ;</marc:subfield><marc:subfield code="a">Philadelphia :</marc:subfield><marc:subfield code="b">J. Benjamins,</marc:subfield><marc:subfield code="c">1993.</marc:subfield></marc:datafield><marc:datafield tag="300" ind1=" " ind2=" "><marc:subfield code="a">xv, 460 p. :</marc:subfield><marc:subfield code="b">maps ;</marc:subfield><marc:subfield code="c">23 cm.</marc:subfield></marc:datafield><marc:datafield tag="440" ind1=" " ind2="0"><marc:subfield code="a">Centennial series of the American Dialect Society</marc:subfield></marc:datafield><marc:datafield tag="504" ind1=" " ind2=" "><marc:subfield code="a">Includes bibliographical references and index.</marc:subfield></marc:datafield><marc:datafield tag="650" ind1=" " ind2="0"><marc:subfield code="a">English language</marc:subfield><marc:subfield code="x">Dialects</marc:subfield><marc:subfield code="z">United States.</marc:subfield></marc:datafield><marc:datafield tag="650" ind1=" " ind2="0"><marc:subfield code="a">Americanisms.</marc:subfield></marc:datafield><marc:datafield tag="700" ind1="1" ind2="0"><marc:subfield code="a">Preston, Dennis Richard.</marc:subfield></marc:datafield><marc:datafield tag="700" ind1="1" ind2="0"><marc:subfield code="a">Fought, John G.</marc:subfield></marc:datafield><marc:datafield tag="035" ind1=" " ind2=" "><marc:subfield code="a">(TxDaGIAL)37741100010336</marc:subfield></marc:datafield><marc:controlfield tag="005">20080624154408.0</marc:controlfield><marc:controlfield tag="001">363</marc:controlfield><marc:controlfield tag="003">TxDaGIAL</marc:controlfield><marc:datafield tag="852" ind1=" " ind2=" "><marc:subfield code="p">37741100010336</marc:subfield><marc:subfield code="a">Library</marc:subfield><marc:subfield code="9">$77.43</marc:subfield><marc:subfield code="x">COPYID:411</marc:subfield><marc:subfield code="x">FSC@aRegular@c19960325</marc:subfield><marc:subfield code="h">427.973 A512p 1993</marc:subfield><marc:subfield code="z">B/T 2-96</marc:subfield></marc:datafield></marc:record>