
<marc:record><marc:leader>00780nam a2200181 a 4500</marc:leader>
<marc:controlfield tag="008">970902s1976    vau      b    000 0 eng d</marc:controlfield>
<marc:datafield tag="040" ind1=" " ind2=" "><marc:subfield code="a">TxDaGIAL</marc:subfield><marc:subfield code="c">TxDaGIAL</marc:subfield></marc:datafield><marc:datafield tag="100" ind1="1" ind2=" "><marc:subfield code="a">Birdsong, David.</marc:subfield></marc:datafield><marc:datafield tag="245" ind1="1" ind2="0"><marc:subfield code="a">American doctoral dissertations in foreign language education, 1965-1974 :</marc:subfield><marc:subfield code="b">an annotated bibliography /</marc:subfield><marc:subfield code="c">David Birdsong.</marc:subfield></marc:datafield><marc:datafield tag="260" ind1=" " ind2=" "><marc:subfield code="a">Arlington, Va :</marc:subfield><marc:subfield code="b">ERIC Clearinghouse on Languages and Linguistics, Center for Applied Linguistics,</marc:subfield><marc:subfield code="c">1976.</marc:subfield></marc:datafield><marc:datafield tag="300" ind1=" " ind2=" "><marc:subfield code="a">51 p. ;</marc:subfield><marc:subfield code="c">23 cm.</marc:subfield></marc:datafield><marc:datafield tag="440" ind1=" " ind2="0"><marc:subfield code="a">CAL-ERIC/CLL series on language and linguistics ;</marc:subfield><marc:subfield code="v">no. 36</marc:subfield></marc:datafield><marc:datafield tag="650" ind1=" " ind2="0"><marc:subfield code="a">Languages, Modern</marc:subfield><marc:subfield code="x">Study and teaching</marc:subfield><marc:subfield code="v">Bibliography.</marc:subfield></marc:datafield><marc:datafield tag="035" ind1=" " ind2=" "><marc:subfield code="a">(TxDaGIAL)37741100020099</marc:subfield></marc:datafield><marc:controlfield tag="005">20080624154409.0</marc:controlfield><marc:controlfield tag="001">364</marc:controlfield><marc:controlfield tag="003">TxDaGIAL</marc:controlfield><marc:datafield tag="852" ind1=" " ind2=" "><marc:subfield code="p">37741100020099</marc:subfield><marc:subfield code="a">Library</marc:subfield><marc:subfield code="x">COPYID:412</marc:subfield><marc:subfield code="x">FSC@aRegular@c19970811</marc:subfield><marc:subfield code="h">016.4 B618 1976</marc:subfield></marc:datafield></marc:record>