
<marc:record><marc:leader>01407cam a2200241Ii 4500</marc:leader>
<marc:controlfield tag="008">721116s1940    ilua          000 0 eng  </marc:controlfield>
<marc:datafield tag="010" ind1=" " ind2=" "><marc:subfield code="a">40032210</marc:subfield></marc:datafield><marc:datafield tag="020" ind1=" " ind2=" "><marc:subfield code="a">0836923197</marc:subfield></marc:datafield><marc:datafield tag="040" ind1=" " ind2=" "><marc:subfield code="a">DLC</marc:subfield><marc:subfield code="c">KSU</marc:subfield><marc:subfield code="d">m.c.</marc:subfield><marc:subfield code="d">SER</marc:subfield><marc:subfield code="d">TxDaGIAL</marc:subfield></marc:datafield><marc:datafield tag="100" ind1="1" ind2=" "><marc:subfield code="a">Haas, William Herman,</marc:subfield><marc:subfield code="d">1872-1960.</marc:subfield></marc:datafield><marc:datafield tag="245" ind1="1" ind2="4"><marc:subfield code="a">The American empire :</marc:subfield><marc:subfield code="b">a study of the outlying territories of the United States /</marc:subfield><marc:subfield code="c">[by] William H. Haas, editor. Contributors: W.O. Blanchard ... Luis J. Borja ... John Wesley Coulter ... [and others].</marc:subfield></marc:datafield><marc:datafield tag="260" ind1=" " ind2=" "><marc:subfield code="a">Chicago, Ill. :</marc:subfield><marc:subfield code="b">The University of Chicago Press,</marc:subfield><marc:subfield code="c">[1940]</marc:subfield></marc:datafield><marc:datafield tag="300" ind1=" " ind2=" "><marc:subfield code="a">xi, 408 p. :</marc:subfield><marc:subfield code="b">illus., plates, diagrs. ;</marc:subfield><marc:subfield code="c">23 cm.</marc:subfield></marc:datafield><marc:datafield tag="500" ind1=" " ind2=" "><marc:subfield code="a">Maps on lining-papers.</marc:subfield></marc:datafield><marc:datafield tag="505" ind1="0" ind2=" "><marc:subfield code="a">The era of overseas expansion / Isaac J. Cox -- Puerto Rico / Rafael Pic -- The Virgin Islands of the United States / Earl B. Shaw -- The Panama Canal Zone / W. O. Blanchard -- Alaska / Otis W. Freeman -- The Territory of Hawaii / John Wesley Coulter -- The Commonwealth of the Philippines / Cornelio C. Cruz -- 'Manifest destiny' in greater America / Isaac J. Cox and William H. Haas.</marc:subfield></marc:datafield><marc:datafield tag="651" ind1=" " ind2="0"><marc:subfield code="a">United States</marc:subfield><marc:subfield code="x">Territories and possessions.</marc:subfield></marc:datafield><marc:datafield tag="651" ind1=" " ind2="0"><marc:subfield code="a">United States</marc:subfield><marc:subfield code="x">Territorial expansion.</marc:subfield></marc:datafield><marc:datafield tag="700" ind1="1" ind2="0"><marc:subfield code="a">Blanchard, W. O.</marc:subfield><marc:subfield code="q">(William Oscar),</marc:subfield><marc:subfield code="d">1886-1952.</marc:subfield></marc:datafield><marc:datafield tag="035" ind1=" " ind2=" "><marc:subfield code="a">(TxDaGIAL)37741100015274</marc:subfield></marc:datafield><marc:controlfield tag="005">20080624154409.0</marc:controlfield><marc:controlfield tag="001">365</marc:controlfield><marc:controlfield tag="003">TxDaGIAL</marc:controlfield><marc:datafield tag="852" ind1=" " ind2=" "><marc:subfield code="p">37741100015274</marc:subfield><marc:subfield code="a">Library</marc:subfield><marc:subfield code="x">COPYID:413</marc:subfield><marc:subfield code="x">FSC@aRegular@c19970220</marc:subfield><marc:subfield code="h">973 H112a 1940</marc:subfield><marc:subfield code="z">582</marc:subfield></marc:datafield></marc:record>