
<marc:record><marc:leader>00691pam a2200217 a 4500</marc:leader>
<marc:controlfield tag="008">920109s1992    maua     d    000 0 eng  </marc:controlfield>
<marc:datafield tag="010" ind1=" " ind2=" "><marc:subfield code="a">   92000851</marc:subfield></marc:datafield><marc:datafield tag="020" ind1=" " ind2=" "><marc:subfield code="a">0395448956</marc:subfield></marc:datafield><marc:datafield tag="040" ind1=" " ind2=" "><marc:subfield code="a">DLC</marc:subfield><marc:subfield code="c">DLC</marc:subfield><marc:subfield code="d">DLC</marc:subfield></marc:datafield><marc:datafield tag="050" ind1="0" ind2="0"><marc:subfield code="a">PE1628</marc:subfield><marc:subfield code="b">.A623 1992</marc:subfield></marc:datafield><marc:datafield tag="082" ind1="0" ind2="0"><marc:subfield code="a">423</marc:subfield><marc:subfield code="2">20</marc:subfield></marc:datafield><marc:datafield tag="245" ind1="0" ind2="4"><marc:subfield code="a">The American heritage dictionary of the English language.</marc:subfield></marc:datafield><marc:datafield tag="250" ind1=" " ind2=" "><marc:subfield code="a">3rd ed.</marc:subfield></marc:datafield><marc:datafield tag="260" ind1=" " ind2=" "><marc:subfield code="a">Boston :</marc:subfield><marc:subfield code="b">Houghton Mifflin,</marc:subfield><marc:subfield code="c">c1992.</marc:subfield></marc:datafield><marc:datafield tag="300" ind1=" " ind2=" "><marc:subfield code="a">xliv, 2140 p. :</marc:subfield><marc:subfield code="b">ill. ;</marc:subfield><marc:subfield code="c">29 cm.</marc:subfield></marc:datafield><marc:datafield tag="650" ind1=" " ind2="0"><marc:subfield code="a">English language</marc:subfield><marc:subfield code="v">Dictionaries.</marc:subfield></marc:datafield><marc:datafield tag="035" ind1=" " ind2=" "><marc:subfield code="a">(TxDaGIAL)37741200000017</marc:subfield></marc:datafield><marc:controlfield tag="005">20080624154409.0</marc:controlfield><marc:controlfield tag="001">367</marc:controlfield><marc:controlfield tag="003">TxDaGIAL</marc:controlfield><marc:datafield tag="852" ind1=" " ind2=" "><marc:subfield code="p">37741200000017</marc:subfield><marc:subfield code="a">Library</marc:subfield><marc:subfield code="9">$38.95</marc:subfield><marc:subfield code="x">COPYID:415</marc:subfield><marc:subfield code="x">FSC@aReference@c19950127</marc:subfield><marc:subfield code="h">REF 423 A512 1992</marc:subfield><marc:subfield code="z">B/T 8-92</marc:subfield></marc:datafield></marc:record>