
<marc:record><marc:leader>01569nam a2200265   4500</marc:leader>
<marc:controlfield tag="008">710712s1971    mau      b    00110 eng  </marc:controlfield>
<marc:datafield tag="010" ind1=" " ind2=" "><marc:subfield code="a">   78155318</marc:subfield></marc:datafield><marc:datafield tag="040" ind1=" " ind2=" "><marc:subfield code="a">DLC</marc:subfield><marc:subfield code="c">DLC</marc:subfield><marc:subfield code="d">DLC</marc:subfield></marc:datafield><marc:datafield tag="043" ind1=" " ind2=" "><marc:subfield code="a">n-us---</marc:subfield></marc:datafield><marc:datafield tag="050" ind1="0" ind2="0"><marc:subfield code="a">E98.S67</marc:subfield><marc:subfield code="b">W3</marc:subfield></marc:datafield><marc:datafield tag="082" ind1="0" ind2="0"><marc:subfield code="a">301.3/6</marc:subfield></marc:datafield><marc:datafield tag="100" ind1="1" ind2="0"><marc:subfield code="a">Waddell, Jack O.,</marc:subfield><marc:subfield code="d">1933-</marc:subfield><marc:subfield code="e">comp.</marc:subfield></marc:datafield><marc:datafield tag="245" ind1="1" ind2="4"><marc:subfield code="a">The American Indian in urban society /</marc:subfield><marc:subfield code="c">Edited by Jack O. Waddell [and] O. Michael Watson.</marc:subfield></marc:datafield><marc:datafield tag="260" ind1="0" ind2=" "><marc:subfield code="a">Boston :</marc:subfield><marc:subfield code="b">Little, Brown,</marc:subfield><marc:subfield code="c">[1971]</marc:subfield></marc:datafield><marc:datafield tag="300" ind1=" " ind2=" "><marc:subfield code="a">xiv, 414 p. :</marc:subfield><marc:subfield code="b">maps. ;</marc:subfield><marc:subfield code="c">21 cm.</marc:subfield></marc:datafield><marc:datafield tag="490" ind1="0" ind2=" "><marc:subfield code="a">The Little, Brown series in anthropology</marc:subfield></marc:datafield><marc:datafield tag="504" ind1=" " ind2=" "><marc:subfield code="a">Includes bibliographies.</marc:subfield></marc:datafield><marc:datafield tag="505" ind1="0" ind2=" "><marc:subfield code="a">The American Indian and Federal policy, by J. E. Officer.--Indians and the metropolis, by J. G. Jorgensen.--The reservation community and the urban community: Hopi Indians of Moenkopi, by S. Nagata.--Life in the city: Chicago, by M. S. Garbarino.--The social environment of the urban Indian, by P. Z. Snyder.--Urban economic opportunities: the example of Denver, by R. S. Weppner.--Drinking and drunkenness among urban Indians, by T. D. Graves.--Involvement in an urban university, by F. C. Miller.--Navajo urban migration: an analysis from the perspective of the family, by W. H. Hodge.--Epilogue: The urban Indian as viewed by an Indian caseworker, by J. W. Olsen.</marc:subfield></marc:datafield><marc:datafield tag="650" ind1=" " ind2="0"><marc:subfield code="a">Indians of North America</marc:subfield><marc:subfield code="x">Urban residence.</marc:subfield></marc:datafield><marc:datafield tag="700" ind1="1" ind2="0"><marc:subfield code="a">Watson, O. Michael,</marc:subfield><marc:subfield code="e">joint comp.</marc:subfield></marc:datafield><marc:datafield tag="035" ind1=" " ind2=" "><marc:subfield code="a">(TxDaGIAL)37741100004193</marc:subfield></marc:datafield><marc:controlfield tag="005">20080624154410.0</marc:controlfield><marc:controlfield tag="001">368</marc:controlfield><marc:controlfield tag="003">TxDaGIAL</marc:controlfield><marc:datafield tag="852" ind1=" " ind2=" "><marc:subfield code="p">37741100004193</marc:subfield><marc:subfield code="a">Library</marc:subfield><marc:subfield code="9">$0.00</marc:subfield><marc:subfield code="x">COPYID:416</marc:subfield><marc:subfield code="x">FSC@aRegular@c19950522</marc:subfield><marc:subfield code="h">305.897 W121a 1971</marc:subfield><marc:subfield code="z">8392</marc:subfield></marc:datafield></marc:record>