
<marc:record><marc:leader>00954pam a2200277 i 4500</marc:leader>
<marc:controlfield tag="008">801202s1981    ilu      b    00110 eng  </marc:controlfield>
<marc:datafield tag="010" ind1=" " ind2=" "><marc:subfield code="a">   80027840</marc:subfield></marc:datafield><marc:datafield tag="020" ind1=" " ind2=" "><marc:subfield code="a">0226068110</marc:subfield></marc:datafield><marc:datafield tag="040" ind1=" " ind2=" "><marc:subfield code="a">DLC</marc:subfield><marc:subfield code="c">DLC</marc:subfield></marc:datafield><marc:datafield tag="043" ind1=" " ind2=" "><marc:subfield code="a">n-us---</marc:subfield></marc:datafield><marc:datafield tag="050" ind1="0" ind2=" "><marc:subfield code="a">E98.M6</marc:subfield><marc:subfield code="b">B64</marc:subfield></marc:datafield><marc:datafield tag="082" ind1="0" ind2=" "><marc:subfield code="a">266/.273</marc:subfield><marc:subfield code="2">19</marc:subfield></marc:datafield><marc:datafield tag="100" ind1="1" ind2="0"><marc:subfield code="a">Bowden, Henry Warner.</marc:subfield></marc:datafield><marc:datafield tag="245" ind1="1" ind2="0"><marc:subfield code="a">American Indians and Christian missions :</marc:subfield><marc:subfield code="b">studies in cultural conflict /</marc:subfield><marc:subfield code="c">Henry Warner Bowden.</marc:subfield></marc:datafield><marc:datafield tag="260" ind1="0" ind2=" "><marc:subfield code="a">Chicago :</marc:subfield><marc:subfield code="b">University of Chicago Press,</marc:subfield><marc:subfield code="c">1981.</marc:subfield></marc:datafield><marc:datafield tag="300" ind1=" " ind2=" "><marc:subfield code="a">xix, 255 p. :</marc:subfield><marc:subfield code="b">maps ;</marc:subfield><marc:subfield code="c">21 cm.</marc:subfield></marc:datafield><marc:datafield tag="440" ind1=" " ind2="0"><marc:subfield code="a">Chicago history of American religion</marc:subfield></marc:datafield><marc:datafield tag="504" ind1=" " ind2=" "><marc:subfield code="a">Bibliography: p. 234-244.</marc:subfield></marc:datafield><marc:datafield tag="500" ind1=" " ind2=" "><marc:subfield code="a">Includes index.</marc:subfield></marc:datafield><marc:datafield tag="650" ind1=" " ind2="0"><marc:subfield code="a">Indians of North America</marc:subfield><marc:subfield code="x">Missions</marc:subfield><marc:subfield code="x">History.</marc:subfield></marc:datafield><marc:datafield tag="650" ind1=" " ind2="0"><marc:subfield code="a">Culture conflict</marc:subfield><marc:subfield code="z">United States</marc:subfield><marc:subfield code="x">History.</marc:subfield></marc:datafield><marc:datafield tag="035" ind1=" " ind2=" "><marc:subfield code="a">(TxDaGIAL)37741100006783</marc:subfield></marc:datafield><marc:controlfield tag="005">20080624154410.0</marc:controlfield><marc:controlfield tag="001">371</marc:controlfield><marc:controlfield tag="003">TxDaGIAL</marc:controlfield><marc:datafield tag="852" ind1=" " ind2=" "><marc:subfield code="p">37741100006783</marc:subfield><marc:subfield code="a">Library</marc:subfield><marc:subfield code="x">COPYID:420</marc:subfield><marc:subfield code="x">FSC@aRegular@c19950815</marc:subfield><marc:subfield code="h">266.273 B784a 1981</marc:subfield><marc:subfield code="z">7943</marc:subfield></marc:datafield></marc:record>