
<marc:record><marc:leader>00995cam a2200265 i 4500</marc:leader>
<marc:controlfield tag="008">750829s1975    dcua     bs  f00010 eng  </marc:controlfield>
<marc:datafield tag="010" ind1=" " ind2=" "><marc:subfield code="a">   75601543 //r85</marc:subfield></marc:datafield><marc:datafield tag="040" ind1=" " ind2=" "><marc:subfield code="a">DLC</marc:subfield><marc:subfield code="c">DLC</marc:subfield><marc:subfield code="d">DLC</marc:subfield></marc:datafield><marc:datafield tag="043" ind1=" " ind2=" "><marc:subfield code="a">n-us---</marc:subfield></marc:datafield><marc:datafield tag="050" ind1="0" ind2=" "><marc:subfield code="a">HD1751</marc:subfield><marc:subfield code="b">.A91854 no. 283</marc:subfield><marc:subfield code="a">E98.S67</marc:subfield></marc:datafield><marc:datafield tag="082" ind1=" " ind2=" "><marc:subfield code="a">338.1/08 s</marc:subfield><marc:subfield code="a">301.45/19/7</marc:subfield></marc:datafield><marc:datafield tag="100" ind1="1" ind2="0"><marc:subfield code="a">Johnson, Helen W.,</marc:subfield><marc:subfield code="d">1910-</marc:subfield></marc:datafield><marc:datafield tag="245" ind1="1" ind2="0"><marc:subfield code="a">American Indians in transition /</marc:subfield><marc:subfield code="c">[by Helen W. Johnson].</marc:subfield></marc:datafield><marc:datafield tag="260" ind1="0" ind2=" "><marc:subfield code="a">Washington :</marc:subfield><marc:subfield code="b">Economic Development Division, Economic Research Service, U.S. Dept. of Agriculture,</marc:subfield><marc:subfield code="c">1975.</marc:subfield></marc:datafield><marc:datafield tag="300" ind1=" " ind2=" "><marc:subfield code="a">ii, 37 p. :</marc:subfield><marc:subfield code="b">ill. ;</marc:subfield><marc:subfield code="c">26 cm.</marc:subfield></marc:datafield><marc:datafield tag="440" ind1=" " ind2="0"><marc:subfield code="a">Agricultural economic report ;</marc:subfield><marc:subfield code="v">no. 283</marc:subfield></marc:datafield><marc:datafield tag="500" ind1=" " ind2=" "><marc:subfield code="a">Cover title.</marc:subfield></marc:datafield><marc:datafield tag="504" ind1=" " ind2=" "><marc:subfield code="a">Bibliography: p. 35-37.</marc:subfield></marc:datafield><marc:datafield tag="650" ind1=" " ind2="0"><marc:subfield code="a">Indians of North America</marc:subfield><marc:subfield code="x">Social conditions.</marc:subfield></marc:datafield><marc:datafield tag="650" ind1=" " ind2="0"><marc:subfield code="a">Indians of North America</marc:subfield><marc:subfield code="x">Economic conditions.</marc:subfield></marc:datafield><marc:datafield tag="035" ind1=" " ind2=" "><marc:subfield code="a">(TxDaGIAL)37741100002634</marc:subfield></marc:datafield><marc:controlfield tag="005">20080624154411.0</marc:controlfield><marc:controlfield tag="001">372</marc:controlfield><marc:controlfield tag="003">TxDaGIAL</marc:controlfield><marc:datafield tag="852" ind1=" " ind2=" "><marc:subfield code="p">37741100002634</marc:subfield><marc:subfield code="a">Library</marc:subfield><marc:subfield code="x">COPYID:421</marc:subfield><marc:subfield code="x">FSC@aRegular@c19950321</marc:subfield><marc:subfield code="h">303.482 J67a 1975</marc:subfield><marc:subfield code="z">13607</marc:subfield></marc:datafield></marc:record>