
<marc:record><marc:leader>01243cam a2200301 i 4500</marc:leader>
<marc:controlfield tag="008">800404s1980    hiua     b    00110 eng  </marc:controlfield>
<marc:datafield tag="010" ind1=" " ind2=" "><marc:subfield code="a">   80014003 //r923</marc:subfield></marc:datafield><marc:datafield tag="020" ind1=" " ind2=" "><marc:subfield code="z">0824806875</marc:subfield></marc:datafield><marc:datafield tag="020" ind1=" " ind2=" "><marc:subfield code="a">0824806344 (pbk.) :</marc:subfield><marc:subfield code="c">$10.00</marc:subfield></marc:datafield><marc:datafield tag="040" ind1=" " ind2=" "><marc:subfield code="a">DLC</marc:subfield><marc:subfield code="c">DLC</marc:subfield><marc:subfield code="d">DLC</marc:subfield></marc:datafield><marc:datafield tag="043" ind1=" " ind2=" "><marc:subfield code="a">poci---</marc:subfield></marc:datafield><marc:datafield tag="050" ind1="0" ind2="0"><marc:subfield code="a">LA2270.P66</marc:subfield><marc:subfield code="b">C64</marc:subfield></marc:datafield><marc:datafield tag="082" ind1="0" ind2="0"><marc:subfield code="a">370/.9966</marc:subfield></marc:datafield><marc:datafield tag="100" ind1="1" ind2="0"><marc:subfield code="a">Colletta, Nat J.</marc:subfield></marc:datafield><marc:datafield tag="245" ind1="1" ind2="0"><marc:subfield code="a">American schools for the natives of Ponape :</marc:subfield><marc:subfield code="b">a study of education and culture change in Micronesia /</marc:subfield><marc:subfield code="c">Nat J. Colletta.</marc:subfield></marc:datafield><marc:datafield tag="260" ind1="0" ind2=" "><marc:subfield code="a">Honolulu :</marc:subfield><marc:subfield code="b">Published for the East-West Center by the University Press of Hawaii,</marc:subfield><marc:subfield code="c">c1980.</marc:subfield></marc:datafield><marc:datafield tag="300" ind1=" " ind2=" "><marc:subfield code="a">viii, 181 p. :</marc:subfield><marc:subfield code="b">ill. ;</marc:subfield><marc:subfield code="c">23 cm.</marc:subfield></marc:datafield><marc:datafield tag="500" ind1=" " ind2=" "><marc:subfield code="a">&quot;An East-West Center book from the East-West Culture Learning Institute.&quot;</marc:subfield></marc:datafield><marc:datafield tag="504" ind1=" " ind2=" "><marc:subfield code="a">Includes bibliographies and index.</marc:subfield></marc:datafield><marc:datafield tag="650" ind1=" " ind2="0"><marc:subfield code="a">Schools, American</marc:subfield><marc:subfield code="z">Micronesia (Federated States)</marc:subfield><marc:subfield code="z">Pohnpei Island.</marc:subfield></marc:datafield><marc:datafield tag="650" ind1=" " ind2="0"><marc:subfield code="a">Education</marc:subfield><marc:subfield code="z">Micronesia (Federated States)</marc:subfield><marc:subfield code="z">Pohnpei Island.</marc:subfield></marc:datafield><marc:datafield tag="651" ind1=" " ind2="0"><marc:subfield code="a">Pohnpei Island (Micronesia)</marc:subfield><marc:subfield code="x">Intellectual life.</marc:subfield></marc:datafield><marc:datafield tag="710" ind1="2" ind2="0"><marc:subfield code="a">East-West Culture Learning Institute.</marc:subfield></marc:datafield><marc:datafield tag="035" ind1=" " ind2=" "><marc:subfield code="a">(TxDaGIAL)37741100008126</marc:subfield></marc:datafield><marc:controlfield tag="005">20080624154411.0</marc:controlfield><marc:controlfield tag="001">375</marc:controlfield><marc:controlfield tag="003">TxDaGIAL</marc:controlfield><marc:datafield tag="852" ind1=" " ind2=" "><marc:subfield code="p">37741100008126</marc:subfield><marc:subfield code="a">Library</marc:subfield><marc:subfield code="x">COPYID:424</marc:subfield><marc:subfield code="x">FSC@aRegular@c19950914</marc:subfield><marc:subfield code="h">370.9966 C698 1980</marc:subfield><marc:subfield code="z">7720</marc:subfield></marc:datafield></marc:record>