
<marc:record><marc:leader>01057cam a2200301 a 4500</marc:leader>
<marc:controlfield tag="008">840824r19811975ne       b    00110 eng c</marc:controlfield>
<marc:datafield tag="010" ind1=" " ind2=" "><marc:subfield code="a">   84673269 //r93</marc:subfield></marc:datafield><marc:datafield tag="020" ind1=" " ind2=" "><marc:subfield code="a">902793228X</marc:subfield></marc:datafield><marc:datafield tag="020" ind1=" " ind2=" "><marc:subfield code="a">9027934282 (pbk.)</marc:subfield></marc:datafield><marc:datafield tag="040" ind1=" " ind2=" "><marc:subfield code="a">MH</marc:subfield><marc:subfield code="c">MH</marc:subfield><marc:subfield code="d">DLC</marc:subfield></marc:datafield><marc:datafield tag="043" ind1=" " ind2=" "><marc:subfield code="a">n-us---</marc:subfield></marc:datafield><marc:datafield tag="050" ind1="1" ind2="4"><marc:subfield code="a">P146</marc:subfield><marc:subfield code="b">.H95x 1981</marc:subfield></marc:datafield><marc:datafield tag="100" ind1="1" ind2="0"><marc:subfield code="a">Hymes, Dell H.</marc:subfield></marc:datafield><marc:datafield tag="245" ind1="1" ind2="0"><marc:subfield code="a">American structuralism /</marc:subfield><marc:subfield code="c">Dell Hymes and John Fought.</marc:subfield></marc:datafield><marc:datafield tag="260" ind1="0" ind2=" "><marc:subfield code="a">The Hague ;</marc:subfield><marc:subfield code="a">New York :</marc:subfield><marc:subfield code="b">Mouton,</marc:subfield><marc:subfield code="c">c1981.</marc:subfield></marc:datafield><marc:datafield tag="300" ind1=" " ind2=" "><marc:subfield code="a">vi, 296 p. ;</marc:subfield><marc:subfield code="c">24 cm.</marc:subfield></marc:datafield><marc:datafield tag="440" ind1=" " ind2="0"><marc:subfield code="a">Janua linguarum.</marc:subfield><marc:subfield code="p">Series maior ;</marc:subfield><marc:subfield code="v">102</marc:subfield></marc:datafield><marc:datafield tag="500" ind1=" " ind2=" "><marc:subfield code="a">&quot;Main body of text originally published in Current Trends in Linguistics, Vol. 13, part 2&quot;--T.p. verso.</marc:subfield></marc:datafield><marc:datafield tag="504" ind1=" " ind2=" "><marc:subfield code="a">Bibliography: p. [259]-289.</marc:subfield></marc:datafield><marc:datafield tag="500" ind1=" " ind2=" "><marc:subfield code="a">Includes indexes.</marc:subfield></marc:datafield><marc:datafield tag="650" ind1=" " ind2="0"><marc:subfield code="a">Structural linguistics</marc:subfield><marc:subfield code="x">History.</marc:subfield></marc:datafield><marc:datafield tag="650" ind1=" " ind2="0"><marc:subfield code="a">Linguistics</marc:subfield><marc:subfield code="x">Research</marc:subfield><marc:subfield code="z">United States</marc:subfield><marc:subfield code="x">History.</marc:subfield></marc:datafield><marc:datafield tag="700" ind1="1" ind2="0"><marc:subfield code="a">Fought, John G.</marc:subfield></marc:datafield><marc:datafield tag="035" ind1=" " ind2=" "><marc:subfield code="a">(TxDaGIAL)37741100004508</marc:subfield></marc:datafield><marc:controlfield tag="005">20080624154412.0</marc:controlfield><marc:controlfield tag="001">378</marc:controlfield><marc:controlfield tag="003">TxDaGIAL</marc:controlfield><marc:datafield tag="852" ind1=" " ind2=" "><marc:subfield code="p">37741100004508</marc:subfield><marc:subfield code="a">Library</marc:subfield><marc:subfield code="x">COPYID:427</marc:subfield><marc:subfield code="x">FSC@aRegular@c19950601</marc:subfield><marc:subfield code="h">410.9 H996a 1981</marc:subfield><marc:subfield code="z">8708</marc:subfield></marc:datafield></marc:record>