
<marc:record><marc:leader>01225nam a2200289 a 4500</marc:leader>
<marc:controlfield tag="008">881031s1988    ne       b    10000 eng  </marc:controlfield>
<marc:datafield tag="010" ind1=" " ind2=" "><marc:subfield code="a">   88197574</marc:subfield></marc:datafield><marc:datafield tag="020" ind1=" " ind2=" "><marc:subfield code="a">9067651753</marc:subfield></marc:datafield><marc:datafield tag="040" ind1=" " ind2=" "><marc:subfield code="a">DLC</marc:subfield><marc:subfield code="c">DLC</marc:subfield><marc:subfield code="d">TxDaGIAL</marc:subfield></marc:datafield><marc:datafield tag="041" ind1="0" ind2=" "><marc:subfield code="a">engmul</marc:subfield></marc:datafield><marc:datafield tag="043" ind1=" " ind2=" "><marc:subfield code="a">n------</marc:subfield><marc:subfield code="a">s------</marc:subfield><marc:subfield code="a">e-ne---</marc:subfield></marc:datafield><marc:datafield tag="050" ind1="0" ind2=" "><marc:subfield code="a">Z1201</marc:subfield><marc:subfield code="b">.A58 1988</marc:subfield></marc:datafield><marc:datafield tag="082" ind1="0" ind2=" "><marc:subfield code="a">016.97</marc:subfield><marc:subfield code="2">20</marc:subfield></marc:datafield><marc:datafield tag="245" ind1="0" ind2="0"><marc:subfield code="a">American studies in the Netherlands :</marc:subfield><marc:subfield code="b">bibliography, 1970-1987 /</marc:subfield><marc:subfield code="c">Jean Stroom, editor.</marc:subfield></marc:datafield><marc:datafield tag="260" ind1="0" ind2=" "><marc:subfield code="a">Amsterdam :</marc:subfield><marc:subfield code="b">CEDLA ;</marc:subfield><marc:subfield code="a">Providence, R.I., U.S.A. :</marc:subfield><marc:subfield code="b">Distributed by FORIS Publications USA,</marc:subfield><marc:subfield code="c">1988.</marc:subfield></marc:datafield><marc:datafield tag="300" ind1=" " ind2=" "><marc:subfield code="a">viii, 220 p. ;</marc:subfield><marc:subfield code="c">24 cm.</marc:subfield></marc:datafield><marc:datafield tag="500" ind1=" " ind2=" "><marc:subfield code="a">Entries in numerous languages.</marc:subfield></marc:datafield><marc:datafield tag="500" ind1=" " ind2=" "><marc:subfield code="a">Published for the occasion of the 46th International Congress of Americanists held in July 1988 in Amsterdam.</marc:subfield></marc:datafield><marc:datafield tag="651" ind1=" " ind2="0"><marc:subfield code="a">Latin America</marc:subfield><marc:subfield code="x">History</marc:subfield><marc:subfield code="v">Bibliography.</marc:subfield></marc:datafield><marc:datafield tag="651" ind1=" " ind2="0"><marc:subfield code="a">Latin America</marc:subfield><marc:subfield code="x">Study and teaching</marc:subfield><marc:subfield code="z">Netherlands</marc:subfield><marc:subfield code="v">Bibliography.</marc:subfield></marc:datafield><marc:datafield tag="700" ind1="1" ind2="0"><marc:subfield code="a">Stroom, J. H.</marc:subfield></marc:datafield><marc:datafield tag="711" ind1="2" ind2="0"><marc:subfield code="a">International Congress of Americanists</marc:subfield><marc:subfield code="n">(46th :</marc:subfield><marc:subfield code="d">1988 :</marc:subfield><marc:subfield code="c">Amsterdam, Netherlands)</marc:subfield></marc:datafield><marc:datafield tag="035" ind1=" " ind2=" "><marc:subfield code="a">(TxDaGIAL)37741100003436</marc:subfield></marc:datafield><marc:controlfield tag="005">20080624154412.0</marc:controlfield><marc:controlfield tag="001">379</marc:controlfield><marc:controlfield tag="003">TxDaGIAL</marc:controlfield><marc:datafield tag="852" ind1=" " ind2=" "><marc:subfield code="p">37741100003436</marc:subfield><marc:subfield code="a">Library</marc:subfield><marc:subfield code="x">COPYID:428</marc:subfield><marc:subfield code="x">FSC@aRegular@c19950413</marc:subfield><marc:subfield code="h">016.98 A512s 1988</marc:subfield><marc:subfield code="z">gift G. Huttar 1988; orig. acc. no. 13777</marc:subfield></marc:datafield></marc:record>