
<marc:record><marc:leader>01138nam a2200229Ia 4500</marc:leader>
<marc:controlfield tag="008">851009s1985    njua     b    10110 eng d</marc:controlfield>
<marc:datafield tag="020" ind1=" " ind2=" "><marc:subfield code="a">0938734113</marc:subfield></marc:datafield><marc:datafield tag="040" ind1=" " ind2=" "><marc:subfield code="a">TxDaGIAL</marc:subfield><marc:subfield code="c">TxDaGIAL</marc:subfield></marc:datafield><marc:datafield tag="110" ind1="2" ind2="0"><marc:subfield code="a">American Translators Association.</marc:subfield><marc:subfield code="b">Conference</marc:subfield><marc:subfield code="n">(26th,</marc:subfield><marc:subfield code="d">1985 :</marc:subfield><marc:subfield code="c">Miami, Fla.)</marc:subfield></marc:datafield><marc:datafield tag="245" ind1="1" ind2="0"><marc:subfield code="a">American Translators Association Conference - 1985 :</marc:subfield><marc:subfield code="b">proceedings of the 26th Annual Conference of the American Translators Association /</marc:subfield><marc:subfield code="c">edited by Patricia E. Newman.</marc:subfield></marc:datafield><marc:datafield tag="260" ind1="0" ind2=" "><marc:subfield code="a">Medford, N.J. :</marc:subfield><marc:subfield code="b">Learned Information,</marc:subfield><marc:subfield code="c">c1085.</marc:subfield></marc:datafield><marc:datafield tag="300" ind1=" " ind2=" "><marc:subfield code="a">xi, 390 p. :</marc:subfield><marc:subfield code="b">ill. ;</marc:subfield><marc:subfield code="c">25 cm.</marc:subfield></marc:datafield><marc:datafield tag="504" ind1=" " ind2=" "><marc:subfield code="a">Includes bibliographical references and author indexex.</marc:subfield></marc:datafield><marc:datafield tag="546" ind1=" " ind2=" "><marc:subfield code="a">English.</marc:subfield></marc:datafield><marc:datafield tag="505" ind1="2" ind2=" "><marc:subfield code="a">Languages in the service of society -- Computer-aided and machine translation -- Terminology -- Languages in the service of literature -- Teaching translation and interpretation -- Translation theory.</marc:subfield></marc:datafield><marc:datafield tag="650" ind1=" " ind2="0"><marc:subfield code="a">Translating and interpreting</marc:subfield><marc:subfield code="v">Congresses.</marc:subfield></marc:datafield><marc:datafield tag="700" ind1="1" ind2="0"><marc:subfield code="a">Newman, Patricia E.</marc:subfield></marc:datafield><marc:datafield tag="035" ind1=" " ind2=" "><marc:subfield code="a">(TxDaGIAL)37741100018052</marc:subfield></marc:datafield><marc:controlfield tag="005">20080624154413.0</marc:controlfield><marc:controlfield tag="001">380</marc:controlfield><marc:controlfield tag="003">TxDaGIAL</marc:controlfield><marc:datafield tag="852" ind1=" " ind2=" "><marc:subfield code="p">37741100018052</marc:subfield><marc:subfield code="a">Library</marc:subfield><marc:subfield code="x">COPYID:429</marc:subfield><marc:subfield code="x">FSC@aRegular@c19970529</marc:subfield><marc:subfield code="h">418.02 A512p 26 1985</marc:subfield></marc:datafield></marc:record>