
<marc:record><marc:leader>00948cam a2200277 a 4500</marc:leader>
<marc:controlfield tag="008">880216s1988    meu      b    00010 eng  </marc:controlfield>
<marc:datafield tag="010" ind1=" " ind2=" "><marc:subfield code="a">   87046023 //r922</marc:subfield></marc:datafield><marc:datafield tag="020" ind1=" " ind2=" "><marc:subfield code="a">0933662688 (pbk.)</marc:subfield></marc:datafield><marc:datafield tag="040" ind1=" " ind2=" "><marc:subfield code="a">DLC</marc:subfield><marc:subfield code="c">DLC</marc:subfield><marc:subfield code="d">DLC</marc:subfield></marc:datafield><marc:datafield tag="043" ind1=" " ind2=" "><marc:subfield code="a">n-us---</marc:subfield></marc:datafield><marc:datafield tag="050" ind1="0" ind2="0"><marc:subfield code="a">E158</marc:subfield><marc:subfield code="b">.A46 1988</marc:subfield></marc:datafield><marc:datafield tag="082" ind1="0" ind2="0"><marc:subfield code="a">917.3/04927</marc:subfield><marc:subfield code="2">19</marc:subfield></marc:datafield><marc:datafield tag="100" ind1="1" ind2="0"><marc:subfield code="a">Althen, Gary.</marc:subfield></marc:datafield><marc:datafield tag="245" ind1="1" ind2="0"><marc:subfield code="a">American ways :</marc:subfield><marc:subfield code="b">a guide for foreigners in the United States /</marc:subfield><marc:subfield code="c">Gary Althen.</marc:subfield></marc:datafield><marc:datafield tag="260" ind1="0" ind2=" "><marc:subfield code="a">Yarmouth, Me. :</marc:subfield><marc:subfield code="b">Intercultural Press,</marc:subfield><marc:subfield code="c">c1988.</marc:subfield></marc:datafield><marc:datafield tag="300" ind1=" " ind2=" "><marc:subfield code="a">xviii, 171 p. ;</marc:subfield><marc:subfield code="c">22 cm.</marc:subfield></marc:datafield><marc:datafield tag="504" ind1=" " ind2=" "><marc:subfield code="a">Bibliography: p. 169-171.</marc:subfield></marc:datafield><marc:datafield tag="651" ind1=" " ind2="0"><marc:subfield code="a">United States</marc:subfield><marc:subfield code="v">Guidebooks.</marc:subfield></marc:datafield><marc:datafield tag="650" ind1=" " ind2="0"><marc:subfield code="a">Visitors, Foreign</marc:subfield><marc:subfield code="z">United States</marc:subfield><marc:subfield code="v">Guidebooks.</marc:subfield></marc:datafield><marc:datafield tag="650" ind1=" " ind2="0"><marc:subfield code="a">Aliens</marc:subfield><marc:subfield code="z">United States</marc:subfield><marc:subfield code="v">Guidebooks.</marc:subfield></marc:datafield><marc:datafield tag="650" ind1=" " ind2="0"><marc:subfield code="a">Intercultural communication.</marc:subfield></marc:datafield><marc:datafield tag="035" ind1=" " ind2=" "><marc:subfield code="a">(TxDaGIAL)37741100007431</marc:subfield></marc:datafield><marc:controlfield tag="005">20080624154413.0</marc:controlfield><marc:controlfield tag="001">381</marc:controlfield><marc:controlfield tag="003">TxDaGIAL</marc:controlfield><marc:datafield tag="852" ind1=" " ind2=" "><marc:subfield code="p">37741100007431</marc:subfield><marc:subfield code="a">Library</marc:subfield><marc:subfield code="9">$14.95</marc:subfield><marc:subfield code="x">COPYID:430</marc:subfield><marc:subfield code="x">FSC@aRegular@c19950830</marc:subfield><marc:subfield code="h">917.3 A467 1988</marc:subfield><marc:subfield code="z">4-89</marc:subfield></marc:datafield></marc:record>