
<marc:record><marc:leader>01161cam a2200277 i 4500</marc:leader>
<marc:controlfield tag="008">761029c19701971onca     b   f000 0 fre  </marc:controlfield>
<marc:datafield tag="040" ind1=" " ind2=" "><marc:subfield code="d">TxDaGIAL</marc:subfield></marc:datafield><marc:datafield tag="041" ind1="1" ind2=" "><marc:subfield code="a">fre</marc:subfield></marc:datafield><marc:datafield tag="043" ind1=" " ind2=" "><marc:subfield code="a">n-cn-nt</marc:subfield></marc:datafield><marc:datafield tag="082" ind1="0" ind2="0"><marc:subfield code="a">309.2/5/097193 s</marc:subfield><marc:subfield code="a">970/.004/97</marc:subfield></marc:datafield><marc:datafield tag="100" ind1="1" ind2="0"><marc:subfield code="a">Petitot, Emile Fortun Stanislas Joseph,</marc:subfield><marc:subfield code="d">1838-1917.</marc:subfield></marc:datafield><marc:datafield tag="245" ind1="1" ind2="0"><marc:subfield code="a">Amrindians du Nord-Ouest canadien au 19e sicle selon mile Petitot.</marc:subfield></marc:datafield><marc:datafield tag="260" ind1="0" ind2=" "><marc:subfield code="a">Ottawa :</marc:subfield><marc:subfield code="b">Northern Science Research Group, Dept. of Indian Affairs and Northern Development,</marc:subfield><marc:subfield code="c">1970, c1971.</marc:subfield></marc:datafield><marc:datafield tag="300" ind1=" " ind2=" "><marc:subfield code="a">2 v. :</marc:subfield><marc:subfield code="b">ill. ;</marc:subfield><marc:subfield code="c">28 cm.</marc:subfield></marc:datafield><marc:datafield tag="504" ind1=" " ind2=" "><marc:subfield code="a">Bibliography: v. 1, p. 67-124.</marc:subfield></marc:datafield><marc:datafield tag="505" ind1="0" ind2=" "><marc:subfield code="a">v. 1. The Tchiglit Eskimos.--v. 2. The Loucheux Indians.</marc:subfield></marc:datafield><marc:datafield tag="650" ind1=" " ind2="0"><marc:subfield code="a">Indians of North America</marc:subfield><marc:subfield code="z">Northwest Territories.</marc:subfield></marc:datafield><marc:datafield tag="650" ind1=" " ind2="0"><marc:subfield code="a">Mackenzie Eskimos.</marc:subfield></marc:datafield><marc:datafield tag="650" ind1=" " ind2="0"><marc:subfield code="a">Gwich'in Indians.</marc:subfield></marc:datafield><marc:datafield tag="810" ind1="2" ind2=" "><marc:subfield code="a">Mackenzie Delta Research Project.</marc:subfield><marc:subfield code="t">MDRP ;</marc:subfield><marc:subfield code="v">9-10.</marc:subfield></marc:datafield><marc:datafield tag="035" ind1=" " ind2=" "><marc:subfield code="a">(TxDaGIAL)37741100015246</marc:subfield></marc:datafield><marc:controlfield tag="005">20080624154413.0</marc:controlfield><marc:controlfield tag="001">382</marc:controlfield><marc:controlfield tag="003">TxDaGIAL</marc:controlfield><marc:datafield tag="852" ind1=" " ind2=" "><marc:subfield code="p">37741100015246</marc:subfield><marc:subfield code="a">Library</marc:subfield><marc:subfield code="x">COPYID:431</marc:subfield><marc:subfield code="x">FSC@aRegular@c19970219</marc:subfield><marc:subfield code="h">970.00497 P491 vol.1 1971</marc:subfield><marc:subfield code="z">13865</marc:subfield></marc:datafield><marc:datafield tag="852" ind1=" " ind2=" "><marc:subfield code="p">37741100015247</marc:subfield><marc:subfield code="a">Library</marc:subfield><marc:subfield code="x">COPYID:432</marc:subfield><marc:subfield code="x">FSC@aRegular@c19970219</marc:subfield><marc:subfield code="h">970.00497 P491 vol.2 1971</marc:subfield><marc:subfield code="z">13866</marc:subfield></marc:datafield></marc:record>