
<marc:record><marc:leader>01015nam a2200277 a 4500</marc:leader>
<marc:controlfield tag="008">751223s1974    nyua   j b    00110 eng  </marc:controlfield>
<marc:datafield tag="010" ind1=" " ind2=" "><marc:subfield code="z">   73016813 /AC</marc:subfield></marc:datafield><marc:datafield tag="020" ind1=" " ind2=" "><marc:subfield code="z">0879552093 :</marc:subfield><marc:subfield code="c">$5.95.</marc:subfield><marc:subfield code="z">0879558091</marc:subfield><marc:subfield code="b">lib. bdg.</marc:subfield></marc:datafield><marc:datafield tag="050" ind1="0" ind2=" "><marc:subfield code="a">BX8129.A6</marc:subfield><marc:subfield code="b">N39</marc:subfield></marc:datafield><marc:datafield tag="082" ind1=" " ind2=" "><marc:subfield code="a">974.8/15</marc:subfield></marc:datafield><marc:datafield tag="100" ind1="1" ind2="0"><marc:subfield code="a">Naylor, Phyllis Reynolds.</marc:subfield></marc:datafield><marc:datafield tag="245" ind1="1" ind2="3"><marc:subfield code="a">An Amish family /</marc:subfield><marc:subfield code="c">Phyllis Reynolds Naylor ; illustrated by George Armstrong.</marc:subfield></marc:datafield><marc:datafield tag="260" ind1="0" ind2=" "><marc:subfield code="a">New York :</marc:subfield><marc:subfield code="b">Lamplight Publishing,</marc:subfield><marc:subfield code="c">c1974.</marc:subfield></marc:datafield><marc:datafield tag="300" ind1=" " ind2=" "><marc:subfield code="a">181 p. :</marc:subfield><marc:subfield code="b">ill. ;</marc:subfield><marc:subfield code="c">24 cm.</marc:subfield></marc:datafield><marc:datafield tag="504" ind1=" " ind2=" "><marc:subfield code="a">Bibliography: p. 168-169.</marc:subfield></marc:datafield><marc:datafield tag="500" ind1=" " ind2=" "><marc:subfield code="a">Includes index.</marc:subfield></marc:datafield><marc:datafield tag="520" ind1=" " ind2=" "><marc:subfield code="a">A view of the Amish today as seen through the lifestyle of a Lancaster County, Pennsylvania, family.</marc:subfield></marc:datafield><marc:datafield tag="650" ind1=" " ind2="0"><marc:subfield code="a">Amish</marc:subfield><marc:subfield code="v">Juvenile literature.</marc:subfield></marc:datafield><marc:datafield tag="650" ind1=" " ind2="1"><marc:subfield code="a">Amish.</marc:subfield></marc:datafield><marc:datafield tag="650" ind1=" " ind2="1"><marc:subfield code="a">Pennsylvania Dutch.</marc:subfield></marc:datafield><marc:datafield tag="700" ind1="1" ind2="0"><marc:subfield code="a">Armstrong, George Douglas,</marc:subfield><marc:subfield code="d">1927-</marc:subfield></marc:datafield><marc:datafield tag="035" ind1=" " ind2=" "><marc:subfield code="a">(TxDaGIAL)37741100008504</marc:subfield></marc:datafield><marc:controlfield tag="005">20080624154413.0</marc:controlfield><marc:controlfield tag="001">384</marc:controlfield><marc:controlfield tag="003">TxDaGIAL</marc:controlfield><marc:datafield tag="852" ind1=" " ind2=" "><marc:subfield code="p">37741100008504</marc:subfield><marc:subfield code="a">Library</marc:subfield><marc:subfield code="x">COPYID:434</marc:subfield><marc:subfield code="x">FSC@aRegular@c19950926</marc:subfield><marc:subfield code="h">974.815 N333a 1974</marc:subfield><marc:subfield code="z">6615</marc:subfield></marc:datafield></marc:record>