
<marc:record><marc:leader>00647nam a2200181 a 4500</marc:leader>
<marc:controlfield tag="008">870602s1965    miua          00010 eng  </marc:controlfield>
<marc:datafield tag="010" ind1=" " ind2=" "><marc:subfield code="a">   65195000</marc:subfield></marc:datafield><marc:datafield tag="040" ind1=" " ind2=" "><marc:subfield code="a">DLC</marc:subfield><marc:subfield code="c">DLC</marc:subfield><marc:subfield code="d">DLC</marc:subfield><marc:subfield code="d">TxDaGIAL</marc:subfield></marc:datafield><marc:datafield tag="050" ind1="0" ind2=" "><marc:subfield code="a">BS198</marc:subfield><marc:subfield code="b">.S5Z3 1965</marc:subfield></marc:datafield><marc:datafield tag="130" ind1="0" ind2="0"><marc:subfield code="a">Bible.</marc:subfield><marc:subfield code="l">English.</marc:subfield><marc:subfield code="s">Amplified.</marc:subfield><marc:subfield code="f">1965.</marc:subfield></marc:datafield><marc:datafield tag="245" ind1="1" ind2="4"><marc:subfield code="a">The amplified Bible, containing the amplified Old Testament and the amplified New Testament.</marc:subfield></marc:datafield><marc:datafield tag="260" ind1="0" ind2=" "><marc:subfield code="a">Grand Rapids, Mich. :</marc:subfield><marc:subfield code="b">Zondervan,</marc:subfield><marc:subfield code="c">c1965.</marc:subfield></marc:datafield><marc:datafield tag="300" ind1=" " ind2=" "><marc:subfield code="a">1076, 409 p. ;</marc:subfield><marc:subfield code="c">23 cm.</marc:subfield></marc:datafield><marc:datafield tag="035" ind1=" " ind2=" "><marc:subfield code="a">(TxDaGIAL)37741100001523</marc:subfield></marc:datafield><marc:controlfield tag="005">20080624154414.0</marc:controlfield><marc:controlfield tag="001">386</marc:controlfield><marc:controlfield tag="003">TxDaGIAL</marc:controlfield><marc:datafield tag="852" ind1=" " ind2=" "><marc:subfield code="p">37741100001523</marc:subfield><marc:subfield code="a">Library</marc:subfield><marc:subfield code="x">COPYID:436</marc:subfield><marc:subfield code="x">FSC@aRegular@c19950213</marc:subfield><marc:subfield code="h">220.5208 A526 1965</marc:subfield><marc:subfield code="z">330</marc:subfield></marc:datafield></marc:record>