
<marc:record><marc:leader>00713nam a22002051  4500</marc:leader>
<marc:controlfield tag="008">950317s1958    miu           000 0 eng d</marc:controlfield>
<marc:datafield tag="040" ind1=" " ind2=" "><marc:subfield code="c">TxDaGIAL</marc:subfield><marc:subfield code="d">TxDaGIAL</marc:subfield></marc:datafield><marc:datafield tag="130" ind1="0" ind2=" "><marc:subfield code="a">Bible.</marc:subfield><marc:subfield code="p">N.T.</marc:subfield><marc:subfield code="l">English.</marc:subfield><marc:subfield code="s">Siewert.</marc:subfield><marc:subfield code="f">1958.</marc:subfield></marc:datafield><marc:datafield tag="245" ind1="1" ind2="4"><marc:subfield code="a">The amplified New Testament.</marc:subfield></marc:datafield><marc:datafield tag="250" ind1=" " ind2=" "><marc:subfield code="a">5th ed.</marc:subfield></marc:datafield><marc:datafield tag="260" ind1=" " ind2=" "><marc:subfield code="a">Grand Rapids, Mich. :</marc:subfield><marc:subfield code="b">Zondervan,</marc:subfield><marc:subfield code="c">c1958.</marc:subfield></marc:datafield><marc:datafield tag="300" ind1=" " ind2=" "><marc:subfield code="a">295 p. ;</marc:subfield><marc:subfield code="c">18 cm.</marc:subfield></marc:datafield><marc:datafield tag="504" ind1=" " ind2=" "><marc:subfield code="a">Bibliography: p. [291-294].</marc:subfield></marc:datafield><marc:datafield tag="700" ind1="1" ind2="0"><marc:subfield code="a">Siewert, Frances E.,</marc:subfield><marc:subfield code="e">ed. and tr.</marc:subfield></marc:datafield><marc:datafield tag="730" ind1="0" ind2="1"><marc:subfield code="a">Bible.</marc:subfield><marc:subfield code="p">N.T.</marc:subfield><marc:subfield code="l">English.</marc:subfield><marc:subfield code="s">Amplified.</marc:subfield><marc:subfield code="f">1958.</marc:subfield></marc:datafield><marc:datafield tag="035" ind1=" " ind2=" "><marc:subfield code="a">(TxDaGIAL)37741100002495</marc:subfield></marc:datafield><marc:controlfield tag="005">20080624154414.0</marc:controlfield><marc:controlfield tag="001">387</marc:controlfield><marc:controlfield tag="003">TxDaGIAL</marc:controlfield><marc:datafield tag="852" ind1=" " ind2=" "><marc:subfield code="p">37741100002495</marc:subfield><marc:subfield code="a">Library</marc:subfield><marc:subfield code="b">John Beekman Tran Li</marc:subfield><marc:subfield code="x">COPYID:437</marc:subfield><marc:subfield code="x">FSC@aRegular@c19950317</marc:subfield><marc:subfield code="h">225.5208 A526 1958</marc:subfield><marc:subfield code="z">7370</marc:subfield></marc:datafield></marc:record>