
<marc:record><marc:leader>00724nam a22001817a 4500</marc:leader>
<marc:controlfield tag="008">970423s1971    mx            000 0 myn d</marc:controlfield>
<marc:datafield tag="040" ind1=" " ind2=" "><marc:subfield code="a">TxDaGIAL</marc:subfield><marc:subfield code="c">TxDaGIAL</marc:subfield></marc:datafield><marc:datafield tag="041" ind1="0" ind2=" "><marc:subfield code="a">myn</marc:subfield></marc:datafield><marc:datafield tag="130" ind1="0" ind2=" "><marc:subfield code="a">Bible.</marc:subfield><marc:subfield code="p">N.T.</marc:subfield><marc:subfield code="l">Huasteco de San Luis Potos.</marc:subfield><marc:subfield code="f">1971.</marc:subfield></marc:datafield><marc:datafield tag="245" ind1="1" ind2="0"><marc:subfield code="a">An it jilchith cau c'al i Ajatic Jesucristo :</marc:subfield><marc:subfield code="b">el Nuevo Testamento de nuestro Seor Jesucristo, Huasteco de San Lusi Potos.</marc:subfield></marc:datafield><marc:datafield tag="260" ind1=" " ind2=" "><marc:subfield code="a">Mexico, D.F :</marc:subfield><marc:subfield code="b">La Biblioteca Mexicana del Hogar, A.C,</marc:subfield><marc:subfield code="c">1971.</marc:subfield></marc:datafield><marc:datafield tag="300" ind1=" " ind2=" "><marc:subfield code="a">999 p. :</marc:subfield><marc:subfield code="b">ill. (some col.), maps ;</marc:subfield><marc:subfield code="c">22 cm.</marc:subfield></marc:datafield><marc:datafield tag="035" ind1=" " ind2=" "><marc:subfield code="a">(TxDaGIAL)37741100017037</marc:subfield></marc:datafield><marc:datafield tag="590" ind1=" " ind2=" "><marc:subfield code="l">hva</marc:subfield><marc:subfield code="2">ISO 639-3</marc:subfield></marc:datafield><marc:controlfield tag="005">20081217192032.0</marc:controlfield><marc:controlfield tag="001">389</marc:controlfield><marc:controlfield tag="003">TxDaGIAL</marc:controlfield><marc:datafield tag="852" ind1=" " ind2=" "><marc:subfield code="p">37741100017037</marc:subfield><marc:subfield code="a">Library</marc:subfield><marc:subfield code="x">COPYID:439</marc:subfield><marc:subfield code="x">FSC@aRegular@c19970422</marc:subfield><marc:subfield code="h">225.597415 H873s 1971</marc:subfield><marc:subfield code="z">11595</marc:subfield></marc:datafield></marc:record>