
<marc:record><marc:leader>00851cam a2200241 i 4500</marc:leader>
<marc:controlfield tag="008">731108s1973    gau      b    00100 eng  </marc:controlfield>
<marc:datafield tag="010" ind1=" " ind2=" "><marc:subfield code="a">   72086781 //r88</marc:subfield></marc:datafield><marc:datafield tag="020" ind1=" " ind2=" "><marc:subfield code="a">0820302988 :</marc:subfield><marc:subfield code="c">$11.00</marc:subfield></marc:datafield><marc:datafield tag="040" ind1=" " ind2=" "><marc:subfield code="a">DLC</marc:subfield><marc:subfield code="c">DLC</marc:subfield><marc:subfield code="d">TxDaGIAL</marc:subfield></marc:datafield><marc:datafield tag="050" ind1="0" ind2=" "><marc:subfield code="a">P106</marc:subfield><marc:subfield code="b">.E79 1973</marc:subfield></marc:datafield><marc:datafield tag="082" ind1=" " ind2=" "><marc:subfield code="a">401</marc:subfield></marc:datafield><marc:datafield tag="100" ind1="1" ind2="0"><marc:subfield code="a">Esper, Erwin A.</marc:subfield><marc:subfield code="q">(Erwin Allen),</marc:subfield><marc:subfield code="d">1895-1972.</marc:subfield></marc:datafield><marc:datafield tag="245" ind1="1" ind2="0"><marc:subfield code="a">Analogy and association in linguistics and psychology /</marc:subfield><marc:subfield code="c">Erwin A. Esper.</marc:subfield></marc:datafield><marc:datafield tag="260" ind1="0" ind2=" "><marc:subfield code="a">Athens :</marc:subfield><marc:subfield code="b">University of Georgia Press,</marc:subfield><marc:subfield code="c">[1973]</marc:subfield></marc:datafield><marc:datafield tag="300" ind1=" " ind2=" "><marc:subfield code="a">xxxii, 231 p. :</marc:subfield><marc:subfield code="b">port. ;</marc:subfield><marc:subfield code="c">22 cm.</marc:subfield></marc:datafield><marc:datafield tag="504" ind1=" " ind2=" "><marc:subfield code="a">Bibliography of Esper's writings: p. xix-xx. Bibliography: p. 205-216.</marc:subfield></marc:datafield><marc:datafield tag="650" ind1=" " ind2="0"><marc:subfield code="a">Psycholinguistics.</marc:subfield></marc:datafield><marc:datafield tag="650" ind1=" " ind2="0"><marc:subfield code="a">Analogy.</marc:subfield></marc:datafield><marc:datafield tag="035" ind1=" " ind2=" "><marc:subfield code="a">(TxDaGIAL)37741100009808</marc:subfield></marc:datafield><marc:controlfield tag="005">20080624154414.0</marc:controlfield><marc:controlfield tag="001">391</marc:controlfield><marc:controlfield tag="003">TxDaGIAL</marc:controlfield><marc:datafield tag="852" ind1=" " ind2=" "><marc:subfield code="p">37741100009808</marc:subfield><marc:subfield code="a">Library</marc:subfield><marc:subfield code="x">COPYID:441</marc:subfield><marc:subfield code="x">FSC@aRegular@c19951124</marc:subfield><marc:subfield code="h">401.9 E77a 1973</marc:subfield><marc:subfield code="z">3829</marc:subfield></marc:datafield></marc:record>