
<marc:record><marc:leader>01000cam a2200289 a 4500</marc:leader>
<marc:controlfield tag="008">830815s1983    mdua     b    001 0 fre  </marc:controlfield>
<marc:datafield tag="010" ind1=" " ind2=" "><marc:subfield code="a">   83016768 //r932</marc:subfield></marc:datafield><marc:datafield tag="020" ind1=" " ind2=" "><marc:subfield code="a">0819135682 (alk. paper) :</marc:subfield><marc:subfield code="c">$22.75</marc:subfield></marc:datafield><marc:datafield tag="020" ind1=" " ind2=" "><marc:subfield code="a">0819135690 (pbk : alk. paper) :</marc:subfield><marc:subfield code="c">$11.75</marc:subfield></marc:datafield><marc:datafield tag="040" ind1=" " ind2=" "><marc:subfield code="a">DLC</marc:subfield><marc:subfield code="c">DLC</marc:subfield><marc:subfield code="d">DLC</marc:subfield></marc:datafield><marc:datafield tag="041" ind1="0" ind2=" "><marc:subfield code="a">freeng</marc:subfield></marc:datafield><marc:datafield tag="050" ind1="0" ind2="0"><marc:subfield code="a">PC2112</marc:subfield><marc:subfield code="b">.G87 1983</marc:subfield></marc:datafield><marc:datafield tag="082" ind1="0" ind2="0"><marc:subfield code="a">448.2/421</marc:subfield><marc:subfield code="2">19</marc:subfield></marc:datafield><marc:datafield tag="100" ind1="1" ind2="0"><marc:subfield code="a">Grundstrom, Allan W.</marc:subfield></marc:datafield><marc:datafield tag="245" ind1="1" ind2="2"><marc:subfield code="a">L'analyse du franais /</marc:subfield><marc:subfield code="c">par Allan W. Grundstrom.</marc:subfield></marc:datafield><marc:datafield tag="260" ind1="0" ind2=" "><marc:subfield code="a">Lanham, MD :</marc:subfield><marc:subfield code="b">University Press of America,</marc:subfield><marc:subfield code="c">c1983.</marc:subfield></marc:datafield><marc:datafield tag="300" ind1=" " ind2=" "><marc:subfield code="a">xi, 216 p. :</marc:subfield><marc:subfield code="b">ill. ;</marc:subfield><marc:subfield code="c">24 cm.</marc:subfield></marc:datafield><marc:datafield tag="500" ind1=" " ind2=" "><marc:subfield code="a">Some English, chiefly French.</marc:subfield></marc:datafield><marc:datafield tag="504" ind1=" " ind2=" "><marc:subfield code="a">Bibliography: p. 211-212.</marc:subfield></marc:datafield><marc:datafield tag="500" ind1=" " ind2=" "><marc:subfield code="a">Includes index.</marc:subfield></marc:datafield><marc:datafield tag="650" ind1=" " ind2="0"><marc:subfield code="a">French language</marc:subfield><marc:subfield code="x">Grammar.</marc:subfield></marc:datafield><marc:datafield tag="650" ind1=" " ind2="0"><marc:subfield code="a">French language</marc:subfield><marc:subfield code="v">Textbooks for foreign speakers</marc:subfield><marc:subfield code="x">English.</marc:subfield></marc:datafield><marc:datafield tag="035" ind1=" " ind2=" "><marc:subfield code="a">(TxDaGIAL)37741100014253</marc:subfield></marc:datafield><marc:controlfield tag="005">20080624154414.0</marc:controlfield><marc:controlfield tag="001">392</marc:controlfield><marc:controlfield tag="003">TxDaGIAL</marc:controlfield><marc:datafield tag="852" ind1=" " ind2=" "><marc:subfield code="p">37741100014253</marc:subfield><marc:subfield code="a">Library</marc:subfield><marc:subfield code="x">COPYID:442</marc:subfield><marc:subfield code="x">FSC@aRegular@c19961217</marc:subfield><marc:subfield code="h">448.2421 G889a 1983</marc:subfield><marc:subfield code="z">12925</marc:subfield></marc:datafield></marc:record>