
<marc:record><marc:leader>00801nam a2200241 i 4500</marc:leader>
<marc:controlfield tag="008">770825s1976    inua          00000 eng d</marc:controlfield>
<marc:datafield tag="035" ind1=" " ind2=" "><marc:subfield code="a">(CU-UC)dlaisn1746604</marc:subfield></marc:datafield><marc:datafield tag="040" ind1=" " ind2=" "><marc:subfield code="a">IQU</marc:subfield><marc:subfield code="c">IQU</marc:subfield><marc:subfield code="d">CLU</marc:subfield></marc:datafield><marc:datafield tag="100" ind1="1" ind2="0"><marc:subfield code="a">Lasnik, Howard.</marc:subfield></marc:datafield><marc:datafield tag="245" ind1="1" ind2="0"><marc:subfield code="a">Analyses of negation in English /</marc:subfield><marc:subfield code="c">by Howard Lasnik.</marc:subfield></marc:datafield><marc:datafield tag="260" ind1="0" ind2=" "><marc:subfield code="a">Bloomington, Ind. :</marc:subfield><marc:subfield code="b">Indiana University Linguistics Club,</marc:subfield><marc:subfield code="c">1976.</marc:subfield></marc:datafield><marc:datafield tag="300" ind1=" " ind2=" "><marc:subfield code="a">94 p. :</marc:subfield><marc:subfield code="b">ill. ;</marc:subfield><marc:subfield code="c">28 cm.</marc:subfield></marc:datafield><marc:datafield tag="500" ind1=" " ind2=" "><marc:subfield code="a">Cover title.</marc:subfield></marc:datafield><marc:datafield tag="504" ind1=" " ind2=" "><marc:subfield code="a">Bibliography: p. 92-94.</marc:subfield></marc:datafield><marc:datafield tag="546" ind1=" " ind2=" "><marc:subfield code="a">English.</marc:subfield></marc:datafield><marc:datafield tag="650" ind1=" " ind2="0"><marc:subfield code="a">English language</marc:subfield><marc:subfield code="x">Negatives.</marc:subfield></marc:datafield><marc:datafield tag="650" ind1=" " ind2="0"><marc:subfield code="a">English language</marc:subfield><marc:subfield code="x">Syntax.</marc:subfield></marc:datafield><marc:datafield tag="710" ind1="2" ind2=" "><marc:subfield code="a">Indiana University Linguistics Club.</marc:subfield></marc:datafield><marc:datafield tag="035" ind1=" " ind2=" "><marc:subfield code="a">(TxDaGIAL)37741100013624</marc:subfield></marc:datafield><marc:controlfield tag="005">20080624154414.0</marc:controlfield><marc:controlfield tag="001">393</marc:controlfield><marc:controlfield tag="003">TxDaGIAL</marc:controlfield><marc:datafield tag="852" ind1=" " ind2=" "><marc:subfield code="p">37741100013624</marc:subfield><marc:subfield code="a">Library</marc:subfield><marc:subfield code="x">COPYID:443</marc:subfield><marc:subfield code="x">FSC@aRegular@c19961104</marc:subfield><marc:subfield code="h">425 L345a 1976</marc:subfield></marc:datafield></marc:record>