
<marc:record><marc:leader>00911pam a2200241 a 4500</marc:leader>
<marc:controlfield tag="008">900327s1990    ilua     b    00110 eng  </marc:controlfield>
<marc:datafield tag="010" ind1=" " ind2=" "><marc:subfield code="a">   90035357 /MN</marc:subfield></marc:datafield><marc:datafield tag="020" ind1=" " ind2=" "><marc:subfield code="a">0226568458 (alk. paper)</marc:subfield></marc:datafield><marc:datafield tag="040" ind1=" " ind2=" "><marc:subfield code="a">DLC</marc:subfield><marc:subfield code="c">DLC</marc:subfield><marc:subfield code="d">DLC</marc:subfield></marc:datafield><marc:datafield tag="050" ind1="0" ind2="0"><marc:subfield code="a">ML3834</marc:subfield><marc:subfield code="b">.N37 1990</marc:subfield></marc:datafield><marc:datafield tag="082" ind1="0" ind2="0"><marc:subfield code="a">781.2/4111</marc:subfield><marc:subfield code="2">20</marc:subfield></marc:datafield><marc:datafield tag="100" ind1="1" ind2="0"><marc:subfield code="a">Narmour, Eugene,</marc:subfield><marc:subfield code="d">1939-</marc:subfield></marc:datafield><marc:datafield tag="245" ind1="1" ind2="4"><marc:subfield code="a">The analysis and cognition of basic melodic structures :</marc:subfield><marc:subfield code="b">the implication-realization model /</marc:subfield><marc:subfield code="c">Eugene Narmour.</marc:subfield></marc:datafield><marc:datafield tag="260" ind1="0" ind2=" "><marc:subfield code="a">Chicago :</marc:subfield><marc:subfield code="b">University of Chicago Press,</marc:subfield><marc:subfield code="c">c1990.</marc:subfield></marc:datafield><marc:datafield tag="300" ind1=" " ind2=" "><marc:subfield code="a">xiv, 485 p. :</marc:subfield><marc:subfield code="b">ill., music ;</marc:subfield><marc:subfield code="c">24 cm.</marc:subfield></marc:datafield><marc:datafield tag="504" ind1=" " ind2=" "><marc:subfield code="a">Includes bibliographical references (p. 443-456) and indexes.</marc:subfield></marc:datafield><marc:datafield tag="650" ind1=" " ind2="0"><marc:subfield code="a">Melodic analysis.</marc:subfield></marc:datafield><marc:datafield tag="650" ind1=" " ind2="0"><marc:subfield code="a">Music</marc:subfield><marc:subfield code="x">Psychological aspects.</marc:subfield></marc:datafield><marc:datafield tag="035" ind1=" " ind2=" "><marc:subfield code="a">(TxDaGIAL)37741100005511</marc:subfield></marc:datafield><marc:controlfield tag="005">20080624154415.0</marc:controlfield><marc:controlfield tag="001">394</marc:controlfield><marc:controlfield tag="003">TxDaGIAL</marc:controlfield><marc:datafield tag="852" ind1=" " ind2=" "><marc:subfield code="p">37741100005511</marc:subfield><marc:subfield code="a">Library</marc:subfield><marc:subfield code="9">$52.50</marc:subfield><marc:subfield code="x">COPYID:444</marc:subfield><marc:subfield code="x">FSC@aRegular@c19950705</marc:subfield><marc:subfield code="h">781.24111 N231a 1990</marc:subfield><marc:subfield code="z">B/T 6-93</marc:subfield></marc:datafield></marc:record>