
<marc:record><marc:leader>01122nam a2200277 a 4500</marc:leader>
<marc:controlfield tag="008">960213s1994    gw       b    000 0 eng  </marc:controlfield>
<marc:datafield tag="010" ind1=" " ind2=" "><marc:subfield code="a">   96114837</marc:subfield></marc:datafield><marc:datafield tag="040" ind1=" " ind2=" "><marc:subfield code="a">DLC</marc:subfield><marc:subfield code="c">DLC</marc:subfield><marc:subfield code="d">TxDaGIAL</marc:subfield></marc:datafield><marc:datafield tag="050" ind1="0" ind2="0"><marc:subfield code="a">PM757</marc:subfield><marc:subfield code="b">.K48 1994</marc:subfield></marc:datafield><marc:datafield tag="082" ind1="0" ind2="0"><marc:subfield code="a">497/.5</marc:subfield><marc:subfield code="2">20</marc:subfield></marc:datafield><marc:datafield tag="100" ind1="1" ind2=" "><marc:subfield code="a">Keusen, Anna.</marc:subfield></marc:datafield><marc:datafield tag="245" ind1="1" ind2="0"><marc:subfield code="a">Analysis of a Cayuga particle: ne:' as a focus marker /</marc:subfield><marc:subfield code="c">Anna Keusen.</marc:subfield></marc:datafield><marc:datafield tag="260" ind1=" " ind2=" "><marc:subfield code="a">Kln :</marc:subfield><marc:subfield code="b">Institut fr Sprachwissenschaft, Universitt zu Kln,</marc:subfield><marc:subfield code="c">1994.</marc:subfield></marc:datafield><marc:datafield tag="300" ind1=" " ind2=" "><marc:subfield code="a">97 p. ;</marc:subfield><marc:subfield code="c">30 cm.</marc:subfield></marc:datafield><marc:datafield tag="490" ind1="1" ind2=" "><marc:subfield code="a">Arbeitspapier / Institut fr Sprachwissenschaft, Universitt zu Kln ;</marc:subfield><marc:subfield code="v">Nr. 21 (Neue Folge)</marc:subfield></marc:datafield><marc:datafield tag="504" ind1=" " ind2=" "><marc:subfield code="a">Includes bibliophraphical references (p. 95-97).</marc:subfield></marc:datafield><marc:datafield tag="500" ind1=" " ind2=" "><marc:subfield code="a">November 1994.</marc:subfield></marc:datafield><marc:datafield tag="650" ind1=" " ind2="0"><marc:subfield code="a">Cayuga language</marc:subfield><marc:subfield code="x">Particles.</marc:subfield></marc:datafield><marc:datafield tag="650" ind1=" " ind2="0"><marc:subfield code="a">Cayuga language</marc:subfield><marc:subfield code="x">Discourse analysis.</marc:subfield></marc:datafield><marc:datafield tag="651" ind1=" " ind2="7"><marc:subfield code="a">Cayuga-Sprache</marc:subfield><marc:subfield code="x">Partikel</marc:subfield><marc:subfield code="x">ne.</marc:subfield><marc:subfield code="x">DB.</marc:subfield></marc:datafield><marc:datafield tag="830" ind1=" " ind2="0"><marc:subfield code="a">Arbeitspapier (Universitt zu Kln. Institut fr Sprachwissenschaft ;</marc:subfield><marc:subfield code="n">n.F., Nr. 21.</marc:subfield></marc:datafield><marc:datafield tag="035" ind1=" " ind2=" "><marc:subfield code="a">(TxDaGIAL)37741100014151</marc:subfield></marc:datafield><marc:controlfield tag="005">20080624154415.0</marc:controlfield><marc:controlfield tag="001">395</marc:controlfield><marc:controlfield tag="003">TxDaGIAL</marc:controlfield><marc:datafield tag="852" ind1=" " ind2=" "><marc:subfield code="p">37741100014151</marc:subfield><marc:subfield code="a">Library</marc:subfield><marc:subfield code="9">$0.00</marc:subfield><marc:subfield code="x">COPYID:445</marc:subfield><marc:subfield code="x">FSC@aRegular@c19961211</marc:subfield><marc:subfield code="h">497.55 K43a 1994</marc:subfield><marc:subfield code="z">Exchange 12-96</marc:subfield></marc:datafield></marc:record>