
<marc:record><marc:leader>00668nam a2200193 a 4500</marc:leader>
<marc:controlfield tag="008">970422s1976    xxu           000 0 eng d</marc:controlfield>
<marc:datafield tag="040" ind1=" " ind2=" "><marc:subfield code="a">TxDaGIAL</marc:subfield><marc:subfield code="c">TxDaGIAL</marc:subfield></marc:datafield><marc:datafield tag="100" ind1="1" ind2=" "><marc:subfield code="a">Hollingsworth, Kenneth R.</marc:subfield></marc:datafield><marc:datafield tag="245" ind1="1" ind2="3"><marc:subfield code="a">An analysis of Agarabi music and related projects /</marc:subfield><marc:subfield code="c">Kenneth R. Hollingsworth.</marc:subfield></marc:datafield><marc:datafield tag="260" ind1=" " ind2=" "><marc:subfield code="c">1976.</marc:subfield></marc:datafield><marc:datafield tag="300" ind1=" " ind2=" "><marc:subfield code="a">61 leaves in various pagings :</marc:subfield><marc:subfield code="b">ill., music ;</marc:subfield><marc:subfield code="c">29 cm.</marc:subfield></marc:datafield><marc:datafield tag="502" ind1=" " ind2=" "><marc:subfield code="a">Report on ethnomusicology project.</marc:subfield></marc:datafield><marc:datafield tag="650" ind1=" " ind2="0"><marc:subfield code="a">Ethnomusicology.</marc:subfield></marc:datafield><marc:datafield tag="650" ind1=" " ind2="0"><marc:subfield code="a">Agarabe people</marc:subfield><marc:subfield code="x">Music.</marc:subfield></marc:datafield><marc:datafield tag="035" ind1=" " ind2=" "><marc:subfield code="a">(TxDaGIAL)37741100017025</marc:subfield></marc:datafield><marc:controlfield tag="005">20080624154415.0</marc:controlfield><marc:controlfield tag="001">396</marc:controlfield><marc:controlfield tag="003">TxDaGIAL</marc:controlfield><marc:datafield tag="852" ind1=" " ind2=" "><marc:subfield code="p">37741100017025</marc:subfield><marc:subfield code="a">Library</marc:subfield><marc:subfield code="x">COPYID:446</marc:subfield><marc:subfield code="x">FSC@aRegular@c19970422</marc:subfield><marc:subfield code="h">780.89 H741a 1976</marc:subfield></marc:datafield></marc:record>