
<marc:record><marc:leader>01232cam a22002898a 4500</marc:leader>
<marc:controlfield tag="008">910107s1982    dcu      b    000 0 eng d</marc:controlfield>
<marc:datafield tag="040" ind1=" " ind2=" "><marc:subfield code="a">TxDaGIAL</marc:subfield><marc:subfield code="c">TxDaGIAL</marc:subfield></marc:datafield><marc:datafield tag="082" ind1="0" ind2="0"><marc:subfield code="a">428/.007</marc:subfield><marc:subfield code="2">20</marc:subfield></marc:datafield><marc:datafield tag="100" ind1="1" ind2=" "><marc:subfield code="a">Staton, Jana.</marc:subfield></marc:datafield><marc:datafield tag="245" ind1="1" ind2="0"><marc:subfield code="a">Analysis of dialogue journal writing as a communicative event /</marc:subfield><marc:subfield code="c">by Jana Staton with Roger Shuy, Joy Kreeft.</marc:subfield></marc:datafield><marc:datafield tag="260" ind1="0" ind2=" "><marc:subfield code="a">[Washington, D.C.} :</marc:subfield><marc:subfield code="b">Center for Applied Linguistics,</marc:subfield><marc:subfield code="c">1982.</marc:subfield></marc:datafield><marc:datafield tag="300" ind1=" " ind2=" "><marc:subfield code="a">2 v. ;</marc:subfield><marc:subfield code="c">28 cm.</marc:subfield></marc:datafield><marc:datafield tag="504" ind1=" " ind2=" "><marc:subfield code="a">Includes bibliographical references.</marc:subfield></marc:datafield><marc:datafield tag="505" ind1="0" ind2=" "><marc:subfield code="a">vol. 1. Final reprot to the National Institute of Education NIE-G.0122 -- vol. 2. Research papers.</marc:subfield></marc:datafield><marc:datafield tag="650" ind1=" " ind2="0"><marc:subfield code="a">English language</marc:subfield><marc:subfield code="x">Study and teaching.</marc:subfield></marc:datafield><marc:datafield tag="650" ind1=" " ind2="0"><marc:subfield code="a">Dialogues</marc:subfield><marc:subfield code="x">Authorship</marc:subfield><marc:subfield code="x">Study and teaching.</marc:subfield></marc:datafield><marc:datafield tag="650" ind1=" " ind2="0"><marc:subfield code="a">Diaries</marc:subfield><marc:subfield code="x">Authorship</marc:subfield><marc:subfield code="x">Study and teaching.</marc:subfield></marc:datafield><marc:datafield tag="650" ind1=" " ind2="0"><marc:subfield code="a">Report writing</marc:subfield><marc:subfield code="x">Study and teaching.</marc:subfield></marc:datafield><marc:datafield tag="700" ind1="1" ind2="0"><marc:subfield code="a">Peyton, Joy Kreeft.</marc:subfield></marc:datafield><marc:datafield tag="700" ind1="1" ind2="0"><marc:subfield code="a">Shuy, Roger W.</marc:subfield></marc:datafield><marc:datafield tag="710" ind1="2" ind2="0"><marc:subfield code="a">Center for Applied Linguistics.</marc:subfield></marc:datafield><marc:datafield tag="035" ind1=" " ind2=" "><marc:subfield code="a">(TxDaGIAL)37741100020970</marc:subfield></marc:datafield><marc:controlfield tag="005">20080624154415.0</marc:controlfield><marc:controlfield tag="001">398</marc:controlfield><marc:controlfield tag="003">TxDaGIAL</marc:controlfield><marc:datafield tag="852" ind1=" " ind2=" "><marc:subfield code="p">37741100020970</marc:subfield><marc:subfield code="a">Library</marc:subfield><marc:subfield code="x">COPYID:448</marc:subfield><marc:subfield code="x">FSC@aRegular@c19971017</marc:subfield><marc:subfield code="h">372.6 S797a Vol.1 1982</marc:subfield><marc:subfield code="z">10898</marc:subfield></marc:datafield><marc:datafield tag="852" ind1=" " ind2=" "><marc:subfield code="p">37741100020971</marc:subfield><marc:subfield code="a">Library</marc:subfield><marc:subfield code="x">COPYID:449</marc:subfield><marc:subfield code="x">FSC@aRegular@c19971017</marc:subfield><marc:subfield code="h">372.6 S797a Vol.2 1982</marc:subfield><marc:subfield code="z">10899</marc:subfield></marc:datafield></marc:record>