
<marc:record><marc:leader>00631ntm a22001697a 4500</marc:leader>
<marc:controlfield tag="008">970818s1978    xxu           000 0 eng d</marc:controlfield>
<marc:datafield tag="040" ind1=" " ind2=" "><marc:subfield code="a">TxDaGIAL</marc:subfield><marc:subfield code="c">TxDaGIAL</marc:subfield></marc:datafield><marc:datafield tag="100" ind1="1" ind2=" "><marc:subfield code="a">Hill, Ralph.</marc:subfield></marc:datafield><marc:datafield tag="245" ind1="1" ind2="3"><marc:subfield code="a">An analysis of James 3-5 to the paragraph constitutent level</marc:subfield><marc:subfield code="h">[manuscript] /</marc:subfield><marc:subfield code="c">by Ralph Hill.</marc:subfield></marc:datafield><marc:datafield tag="260" ind1=" " ind2=" "><marc:subfield code="c">1978.</marc:subfield></marc:datafield><marc:datafield tag="300" ind1=" " ind2=" "><marc:subfield code="a">29, 23 leaves ;</marc:subfield><marc:subfield code="c">29 cm.</marc:subfield></marc:datafield><marc:datafield tag="035" ind1=" " ind2=" "><marc:subfield code="a">(TxDaGIAL)37741100019816</marc:subfield></marc:datafield><marc:controlfield tag="005">20080624154415.0</marc:controlfield><marc:controlfield tag="001">399</marc:controlfield><marc:controlfield tag="003">TxDaGIAL</marc:controlfield><marc:datafield tag="852" ind1=" " ind2=" "><marc:subfield code="p">37741100019816</marc:subfield><marc:subfield code="a">Library</marc:subfield><marc:subfield code="9">$0.00</marc:subfield><marc:subfield code="x">COPYID:450</marc:subfield><marc:subfield code="x">FSC@aRegular@c19970819</marc:subfield><marc:subfield code="h">227.91041 H647a 1978</marc:subfield></marc:datafield><marc:datafield tag="852" ind1=" " ind2=" "><marc:subfield code="p">37741100019817</marc:subfield><marc:subfield code="a">Library</marc:subfield><marc:subfield code="9">$0.00</marc:subfield><marc:subfield code="x">COPYID:451</marc:subfield><marc:subfield code="x">FSC@aRegular@c19970819</marc:subfield><marc:subfield code="h">227.91041 H647a 1978</marc:subfield></marc:datafield></marc:record>