
<marc:record><marc:leader>00937nam a2200229Ii 4500</marc:leader>
<marc:controlfield tag="008">800401s1968    caua     b    00010 eng d</marc:controlfield>
<marc:datafield tag="035" ind1=" " ind2=" "><marc:subfield code="a">(CU-UC)dlaisn5491678</marc:subfield></marc:datafield><marc:datafield tag="040" ind1=" " ind2=" "><marc:subfield code="a">YOM</marc:subfield><marc:subfield code="c">YOM</marc:subfield></marc:datafield><marc:datafield tag="100" ind1="1" ind2="0"><marc:subfield code="a">Moerman, Michael.</marc:subfield></marc:datafield><marc:datafield tag="245" ind1="1" ind2="0"><marc:subfield code="a">Analysis of Lue conversation :</marc:subfield><marc:subfield code="b">providing accounts, finding breaches and taking sides /</marc:subfield><marc:subfield code="c">Michael Moerman.</marc:subfield></marc:datafield><marc:datafield tag="260" ind1="0" ind2=" "><marc:subfield code="a">Berkeley :</marc:subfield><marc:subfield code="b">University of California, Language-Behavior Research Laboratory,</marc:subfield><marc:subfield code="c">1968.</marc:subfield></marc:datafield><marc:datafield tag="300" ind1=" " ind2=" "><marc:subfield code="a">101 leaves :</marc:subfield><marc:subfield code="b">ill. ;</marc:subfield><marc:subfield code="c">28 cm.</marc:subfield></marc:datafield><marc:datafield tag="490" ind1="1" ind2=" "><marc:subfield code="a">Working paper--Language-Behavior Research Laboratory ;</marc:subfield><marc:subfield code="v">no. 12.</marc:subfield></marc:datafield><marc:datafield tag="504" ind1=" " ind2=" "><marc:subfield code="a">Bibliography: p. 99-101.</marc:subfield></marc:datafield><marc:datafield tag="546" ind1=" " ind2=" "><marc:subfield code="a">English.</marc:subfield></marc:datafield><marc:datafield tag="650" ind1=" " ind2="0"><marc:subfield code="a">L language.</marc:subfield></marc:datafield><marc:datafield tag="810" ind1="1" ind2=" "><marc:subfield code="a">Working paper (University of California, Berkely. Language-Behavior Research Laboratory) ;</marc:subfield><marc:subfield code="v">no. 12.</marc:subfield></marc:datafield><marc:datafield tag="035" ind1=" " ind2=" "><marc:subfield code="a">(TxDaGIAL)37741100014885</marc:subfield></marc:datafield><marc:controlfield tag="005">20080624154415.0</marc:controlfield><marc:controlfield tag="001">400</marc:controlfield><marc:controlfield tag="003">TxDaGIAL</marc:controlfield><marc:datafield tag="852" ind1=" " ind2=" "><marc:subfield code="p">37741100014885</marc:subfield><marc:subfield code="a">Library</marc:subfield><marc:subfield code="x">COPYID:452</marc:subfield><marc:subfield code="x">FSC@aRegular@c19970203</marc:subfield><marc:subfield code="h">495.919 M694a 1968</marc:subfield></marc:datafield></marc:record>