
<marc:record><marc:leader>00900 am a2200241 a 4500</marc:leader>
<marc:controlfield tag="008">721019s1966    dcub     bs  f001 0 eng  </marc:controlfield>
<marc:datafield tag="010" ind1=" " ind2=" "><marc:subfield code="a">   66062746</marc:subfield></marc:datafield><marc:datafield tag="035" ind1=" " ind2=" "><marc:subfield code="a">(CU-UC)691340</marc:subfield></marc:datafield><marc:datafield tag="040" ind1=" " ind2=" "><marc:subfield code="a">DLC</marc:subfield><marc:subfield code="c">WSU</marc:subfield><marc:subfield code="d">SER</marc:subfield><marc:subfield code="d">m/c</marc:subfield><marc:subfield code="d">CUZ</marc:subfield></marc:datafield><marc:datafield tag="100" ind1="1" ind2=" "><marc:subfield code="a">Johnston, Denis Foster.</marc:subfield></marc:datafield><marc:datafield tag="245" ind1="1" ind2="3"><marc:subfield code="a">An analysis of sources of information on the population of the Navaho.</marc:subfield></marc:datafield><marc:datafield tag="260" ind1=" " ind2=" "><marc:subfield code="a">Washington :</marc:subfield><marc:subfield code="b">U.S. Govt. Print. Off.,</marc:subfield><marc:subfield code="c">1966.</marc:subfield></marc:datafield><marc:datafield tag="300" ind1=" " ind2=" "><marc:subfield code="a">v, 220 p. :</marc:subfield><marc:subfield code="b">maps (1 fold.) ;</marc:subfield><marc:subfield code="c">24 cm.</marc:subfield></marc:datafield><marc:datafield tag="440" ind1=" " ind2="0"><marc:subfield code="a">Smithsonian institution.</marc:subfield><marc:subfield code="p">Bureau of American Ethnology ;</marc:subfield><marc:subfield code="v">bulletin 197</marc:subfield></marc:datafield><marc:datafield tag="504" ind1=" " ind2=" "><marc:subfield code="a">Includes bibliographical references and index.</marc:subfield></marc:datafield><marc:datafield tag="546" ind1=" " ind2=" "><marc:subfield code="a">English.</marc:subfield></marc:datafield><marc:datafield tag="650" ind1=" " ind2="0"><marc:subfield code="a">Navajo Indians</marc:subfield><marc:subfield code="v">Statistics.</marc:subfield></marc:datafield><marc:datafield tag="650" ind1=" " ind2="0"><marc:subfield code="a">Indians of North America</marc:subfield><marc:subfield code="v">Census.</marc:subfield></marc:datafield><marc:datafield tag="035" ind1=" " ind2=" "><marc:subfield code="a">(TxDaGIAL)37741100018291</marc:subfield></marc:datafield><marc:controlfield tag="005">20080624154415.0</marc:controlfield><marc:controlfield tag="001">401</marc:controlfield><marc:controlfield tag="003">TxDaGIAL</marc:controlfield><marc:datafield tag="852" ind1=" " ind2=" "><marc:subfield code="p">37741100018291</marc:subfield><marc:subfield code="a">Library</marc:subfield><marc:subfield code="x">COPYID:453</marc:subfield><marc:subfield code="x">FSC@aRegular@c19970605</marc:subfield><marc:subfield code="h">306.05 S664b 197 1966</marc:subfield><marc:subfield code="z">6711</marc:subfield></marc:datafield></marc:record>