
<marc:record><marc:leader>01419cam a2200313   4500</marc:leader>
<marc:controlfield tag="008">731211s1972    mtu      b    00000 eng  </marc:controlfield>
<marc:datafield tag="010" ind1=" " ind2=" "><marc:subfield code="a">   72088670 //r84</marc:subfield></marc:datafield><marc:datafield tag="040" ind1=" " ind2=" "><marc:subfield code="a">DLC</marc:subfield><marc:subfield code="c">DLC</marc:subfield><marc:subfield code="d">DLC</marc:subfield></marc:datafield><marc:datafield tag="050" ind1="0" ind2=" "><marc:subfield code="a">PJ4823</marc:subfield><marc:subfield code="b">.G3 1972</marc:subfield></marc:datafield><marc:datafield tag="082" ind1=" " ind2=" "><marc:subfield code="a">413/.028</marc:subfield></marc:datafield><marc:datafield tag="100" ind1="1" ind2="0"><marc:subfield code="a">Gates, John Edward.</marc:subfield></marc:datafield><marc:datafield tag="245" ind1="1" ind2="3"><marc:subfield code="a">An analysis of the lexicographic resources used by American biblical scholars today.</marc:subfield></marc:datafield><marc:datafield tag="260" ind1="0" ind2=" "><marc:subfield code="a">[Missoula, Mont.] :</marc:subfield><marc:subfield code="b">Published by Society of Biblical Literature for the Linguistics Seminar,</marc:subfield><marc:subfield code="c">1972.</marc:subfield></marc:datafield><marc:datafield tag="300" ind1=" " ind2=" "><marc:subfield code="a">xxi, 175 p. ;</marc:subfield><marc:subfield code="c">22 cm.</marc:subfield></marc:datafield><marc:datafield tag="490" ind1="1" ind2=" "><marc:subfield code="a">Society of Biblical Literature. Dissertation series ;</marc:subfield><marc:subfield code="v">no. 8</marc:subfield></marc:datafield><marc:datafield tag="500" ind1=" " ind2=" "><marc:subfield code="a">Cover title: Lexicographic resources used by biblical scholars.</marc:subfield></marc:datafield><marc:datafield tag="500" ind1=" " ind2=" "><marc:subfield code="a">Originally presented as the author's thesis, Hartford Seminary Foundation, 1968.</marc:subfield></marc:datafield><marc:datafield tag="504" ind1=" " ind2=" "><marc:subfield code="a">Bibliography: p. 169-175.</marc:subfield></marc:datafield><marc:datafield tag="650" ind1=" " ind2="0"><marc:subfield code="a">Hebrew language</marc:subfield><marc:subfield code="x">Lexicography.</marc:subfield></marc:datafield><marc:datafield tag="650" ind1=" " ind2="0"><marc:subfield code="a">Greek language, Biblical</marc:subfield><marc:subfield code="x">Lexicography.</marc:subfield></marc:datafield><marc:datafield tag="710" ind1="2" ind2="0"><marc:subfield code="a">Society of Biblical Literature.</marc:subfield><marc:subfield code="b">Linguistics Seminar.</marc:subfield></marc:datafield><marc:datafield tag="740" ind1="0" ind2="1"><marc:subfield code="a">Lexicographic resources used by biblical scholars.</marc:subfield></marc:datafield><marc:datafield tag="830" ind1=" " ind2="0"><marc:subfield code="a">Dissertation series (Society of Biblical Literature) ;</marc:subfield><marc:subfield code="v">no. 8.</marc:subfield></marc:datafield><marc:datafield tag="035" ind1=" " ind2=" "><marc:subfield code="a">(TxDaGIAL)37741100001403</marc:subfield></marc:datafield><marc:controlfield tag="005">20080624154416.0</marc:controlfield><marc:controlfield tag="001">404</marc:controlfield><marc:controlfield tag="003">TxDaGIAL</marc:controlfield><marc:datafield tag="852" ind1=" " ind2=" "><marc:subfield code="p">37741100001403</marc:subfield><marc:subfield code="a">Library</marc:subfield><marc:subfield code="x">COPYID:456</marc:subfield><marc:subfield code="x">FSC@aRegular@c19950208</marc:subfield><marc:subfield code="h">413.028 G259a 1972</marc:subfield><marc:subfield code="z">4051</marc:subfield></marc:datafield><marc:datafield tag="852" ind1=" " ind2=" "><marc:subfield code="p">37741100001404</marc:subfield><marc:subfield code="a">Library</marc:subfield><marc:subfield code="x">COPYID:457</marc:subfield><marc:subfield code="x">FSC@aRegular@c19950208</marc:subfield><marc:subfield code="h">413.028 G259a 1972</marc:subfield><marc:subfield code="z">6971</marc:subfield></marc:datafield></marc:record>