
<marc:record><marc:leader>01504cam a2200361 a 4500</marc:leader>
<marc:controlfield tag="008">910528s1991    miu      bi   00010 eng  </marc:controlfield>
<marc:datafield tag="010" ind1=" " ind2=" "><marc:subfield code="a">   91021204</marc:subfield></marc:datafield><marc:datafield tag="020" ind1=" " ind2=" "><marc:subfield code="a">0801025486 (v. 1)</marc:subfield></marc:datafield><marc:datafield tag="020" ind1=" " ind2=" "><marc:subfield code="a">0801025494 (v. 2)</marc:subfield></marc:datafield><marc:datafield tag="020" ind1=" " ind2=" "><marc:subfield code="a">0801025508 (set)</marc:subfield></marc:datafield><marc:datafield tag="040" ind1=" " ind2=" "><marc:subfield code="a">DLC</marc:subfield><marc:subfield code="c">DLC</marc:subfield><marc:subfield code="d">DLC</marc:subfield></marc:datafield><marc:datafield tag="050" ind1="0" ind2="0"><marc:subfield code="a">BS2302</marc:subfield><marc:subfield code="b">.C535 1991</marc:subfield></marc:datafield><marc:datafield tag="082" ind1="0" ind2="0"><marc:subfield code="a">225.4/8/03</marc:subfield><marc:subfield code="2">20</marc:subfield></marc:datafield><marc:datafield tag="100" ind1="1" ind2="0"><marc:subfield code="a">Clapp, Philip S.,</marc:subfield><marc:subfield code="d">1904-1986.</marc:subfield></marc:datafield><marc:datafield tag="245" ind1="1" ind2="0"><marc:subfield code="a">Analytical concordance of the Greek New Testament /</marc:subfield><marc:subfield code="c">edited by Philip S. Clapp, Barbara Friberg, and Timothy Friberg.</marc:subfield></marc:datafield><marc:datafield tag="260" ind1="0" ind2=" "><marc:subfield code="a">Grand Rapids, Mich. :</marc:subfield><marc:subfield code="b">Baker Book House,</marc:subfield><marc:subfield code="c">c1991.</marc:subfield></marc:datafield><marc:datafield tag="300" ind1=" " ind2=" "><marc:subfield code="a">2 v. ;</marc:subfield><marc:subfield code="c">29 cm.</marc:subfield></marc:datafield><marc:datafield tag="440" ind1=" " ind2="0"><marc:subfield code="a">Baker's Greek New Testament library ;</marc:subfield><marc:subfield code="v">2-3</marc:subfield></marc:datafield><marc:datafield tag="500" ind1=" " ind2=" "><marc:subfield code="a">&quot;Abbreviations and symbols&quot; (1 card) inserted.</marc:subfield></marc:datafield><marc:datafield tag="504" ind1=" " ind2=" "><marc:subfield code="a">Includes bibliographical references.</marc:subfield></marc:datafield><marc:datafield tag="505" ind1="0" ind2=" "><marc:subfield code="a">v. 1. Lexical focus -- v. 2. Grammatical focus.</marc:subfield></marc:datafield><marc:datafield tag="630" ind1="0" ind2="0"><marc:subfield code="a">Bible.</marc:subfield><marc:subfield code="p">N.T.</marc:subfield><marc:subfield code="x">Concordances, Greek.</marc:subfield></marc:datafield><marc:datafield tag="630" ind1="0" ind2="0"><marc:subfield code="a">Bible.</marc:subfield><marc:subfield code="p">N.T.</marc:subfield><marc:subfield code="x">Language, style.</marc:subfield></marc:datafield><marc:datafield tag="650" ind1=" " ind2="0"><marc:subfield code="a">Greek language, Biblical</marc:subfield><marc:subfield code="x">Grammar.</marc:subfield></marc:datafield><marc:datafield tag="700" ind1="1" ind2="0"><marc:subfield code="a">Friberg, Barbara.</marc:subfield></marc:datafield><marc:datafield tag="700" ind1="1" ind2="0"><marc:subfield code="a">Friberg, Timothy.</marc:subfield></marc:datafield><marc:datafield tag="035" ind1=" " ind2=" "><marc:subfield code="a">(TxDaGIAL)37741100001621</marc:subfield></marc:datafield><marc:controlfield tag="005">20080624154416.0</marc:controlfield><marc:controlfield tag="001">405</marc:controlfield><marc:controlfield tag="003">TxDaGIAL</marc:controlfield><marc:datafield tag="852" ind1=" " ind2=" "><marc:subfield code="p">37741100001621</marc:subfield><marc:subfield code="a">Library</marc:subfield><marc:subfield code="x">COPYID:458</marc:subfield><marc:subfield code="x">FSC@aRegular@c19950222</marc:subfield><marc:subfield code="h">225.4803 C589a vol. 1 1991</marc:subfield><marc:subfield code="z">gift trans. dept.</marc:subfield></marc:datafield><marc:datafield tag="852" ind1=" " ind2=" "><marc:subfield code="p">37741100001622</marc:subfield><marc:subfield code="a">Library</marc:subfield><marc:subfield code="x">COPYID:459</marc:subfield><marc:subfield code="x">FSC@aRegular@c19950222</marc:subfield><marc:subfield code="h">225.4803 C589a vol. 1 1991</marc:subfield><marc:subfield code="z">gift Fribergs</marc:subfield></marc:datafield><marc:datafield tag="852" ind1=" " ind2=" "><marc:subfield code="p">37741100001623</marc:subfield><marc:subfield code="a">Library</marc:subfield><marc:subfield code="x">COPYID:460</marc:subfield><marc:subfield code="x">FSC@aRegular@c19950222</marc:subfield><marc:subfield code="h">225.4803 C589a vol. 2 1991</marc:subfield><marc:subfield code="z">gift Fribergs</marc:subfield></marc:datafield></marc:record>