
<marc:record><marc:leader>01961nam a22003491a 4500</marc:leader>
<marc:controlfield tag="008">950215s1955    miu      d    001 0 eng d</marc:controlfield>
<marc:datafield tag="040" ind1=" " ind2=" "><marc:subfield code="a">TxDaGIAL</marc:subfield><marc:subfield code="c">TxDaGIAL</marc:subfield></marc:datafield><marc:datafield tag="050" ind1="0" ind2="0"><marc:subfield code="a">BS425</marc:subfield><marc:subfield code="b">.Y 1955</marc:subfield></marc:datafield><marc:datafield tag="082" ind1="0" ind2="0"><marc:subfield code="a">220.2</marc:subfield></marc:datafield><marc:datafield tag="100" ind1="1" ind2=" "><marc:subfield code="a">Young, Robert,</marc:subfield><marc:subfield code="d">1822-1888.</marc:subfield></marc:datafield><marc:datafield tag="245" ind1="1" ind2="0"><marc:subfield code="a">Analytical concordance to the Bible on an entirely new plan :</marc:subfield><marc:subfield code="b">containing about 311,000 references, subdivided under the Hebrew and Greek originals, with the literal meaning and pronunciation of each. Also index lexicons to the Old and New Testaments, being a guide to parallel passages and a complete list of Scripture proper names showing their modern pronunciation. /</marc:subfield><marc:subfield code="c">Designed for the simplest reader of the English Bible by Robert Young.</marc:subfield></marc:datafield><marc:datafield tag="250" ind1=" " ind2=" "><marc:subfield code="a">22nd American ed., revised /</marc:subfield><marc:subfield code="b">Rev. by Wm. B. Stevenson ; To which is added a supplement, entitled Recent discoveries in Bible lands, by William F. Albright.</marc:subfield></marc:datafield><marc:datafield tag="260" ind1=" " ind2=" "><marc:subfield code="a">Grand Rapids, Mich. :</marc:subfield><marc:subfield code="b">W. B. Eerdmans,</marc:subfield><marc:subfield code="c">[1955?]</marc:subfield></marc:datafield><marc:datafield tag="300" ind1=" " ind2=" "><marc:subfield code="a">1090, 93, 23, 51 p. ;</marc:subfield><marc:subfield code="c">28 cm.</marc:subfield></marc:datafield><marc:datafield tag="500" ind1=" " ind2=" "><marc:subfield code="a">&quot;Recent discoveries in Bible lands&quot; has special t.p.</marc:subfield></marc:datafield><marc:datafield tag="500" ind1=" " ind2=" "><marc:subfield code="a">Spine and cover title: Young's analytical concordance to the Bible.</marc:subfield></marc:datafield><marc:datafield tag="500" ind1=" " ind2=" "><marc:subfield code="a">On spine: Authorized edition, revised.</marc:subfield></marc:datafield><marc:datafield tag="630" ind1="0" ind2="0"><marc:subfield code="a">Bible</marc:subfield><marc:subfield code="v">Concordances, English.</marc:subfield></marc:datafield><marc:datafield tag="630" ind1="0" ind2="0"><marc:subfield code="a">Bible</marc:subfield><marc:subfield code="x">Antiquities.</marc:subfield></marc:datafield><marc:datafield tag="650" ind1=" " ind2="0"><marc:subfield code="a">Hebrew language</marc:subfield><marc:subfield code="v">Dictionaries</marc:subfield><marc:subfield code="x">English.</marc:subfield></marc:datafield><marc:datafield tag="650" ind1=" " ind2="0"><marc:subfield code="a">Greek language, Biblical</marc:subfield><marc:subfield code="v">Dictionaries</marc:subfield><marc:subfield code="x">English.</marc:subfield></marc:datafield><marc:datafield tag="651" ind1=" " ind2="0"><marc:subfield code="a">Palestine</marc:subfield><marc:subfield code="x">Antiquities.</marc:subfield></marc:datafield><marc:datafield tag="700" ind1="1" ind2="0"><marc:subfield code="a">Stevenson, William Barron,</marc:subfield><marc:subfield code="d">1869-1954.</marc:subfield></marc:datafield><marc:datafield tag="700" ind1="1" ind2="0"><marc:subfield code="a">Albright, William Foxwell,</marc:subfield><marc:subfield code="d">1891-1971.</marc:subfield></marc:datafield><marc:datafield tag="740" ind1="0" ind2="1"><marc:subfield code="a">Recent discoveries in Bible lands.</marc:subfield></marc:datafield><marc:datafield tag="740" ind1="0" ind2="1"><marc:subfield code="a">Young's analytical concordance to the Bible.</marc:subfield></marc:datafield><marc:datafield tag="035" ind1=" " ind2=" "><marc:subfield code="a">(TxDaGIAL)37741100001457</marc:subfield></marc:datafield><marc:controlfield tag="005">20080624154416.0</marc:controlfield><marc:controlfield tag="001">407</marc:controlfield><marc:controlfield tag="003">TxDaGIAL</marc:controlfield><marc:datafield tag="852" ind1=" " ind2=" "><marc:subfield code="p">37741100001457</marc:subfield><marc:subfield code="a">Library</marc:subfield><marc:subfield code="b">John Beekman Tran Li</marc:subfield><marc:subfield code="x">COPYID:462</marc:subfield><marc:subfield code="x">FSC@aRegular@c19950215</marc:subfield><marc:subfield code="h">220.52033 Y75a 1955</marc:subfield><marc:subfield code="z">7215</marc:subfield></marc:datafield><marc:datafield tag="852" ind1=" " ind2=" "><marc:subfield code="p">37741100001443</marc:subfield><marc:subfield code="a">Library</marc:subfield><marc:subfield code="x">COPYID:463</marc:subfield><marc:subfield code="x">FSC@aRegular@c19950215</marc:subfield><marc:subfield code="h">220.52033 Y75a 1955</marc:subfield><marc:subfield code="z">12389</marc:subfield></marc:datafield></marc:record>