
<marc:record><marc:leader>01759nam a22003371a 4500</marc:leader>
<marc:controlfield tag="008">950215s1955    miu      d    001 0 eng d</marc:controlfield>
<marc:datafield tag="020" ind1=" " ind2=" "><marc:subfield code="a">0802822835</marc:subfield></marc:datafield><marc:datafield tag="020" ind1=" " ind2=" "><marc:subfield code="a">0802822843</marc:subfield></marc:datafield><marc:datafield tag="040" ind1=" " ind2=" "><marc:subfield code="a">TxDaGIAL</marc:subfield><marc:subfield code="c">TxDaGIAL</marc:subfield></marc:datafield><marc:datafield tag="050" ind1="0" ind2="0"><marc:subfield code="a">BS425</marc:subfield><marc:subfield code="b">.Y7 1955</marc:subfield></marc:datafield><marc:datafield tag="082" ind1="0" ind2="0"><marc:subfield code="a">220.2</marc:subfield></marc:datafield><marc:datafield tag="100" ind1="1" ind2=" "><marc:subfield code="a">Young, Robert,</marc:subfield><marc:subfield code="d">1822-1888.</marc:subfield></marc:datafield><marc:datafield tag="245" ind1="1" ind2="0"><marc:subfield code="a">Analytical concordance to the Bible on an entirely new plan :</marc:subfield><marc:subfield code="b">containing about 311,000 references, subdivided under Hebrew and Greek originals, with the literal meaning and pronunciation of each. Also index lexicons to the Old and New Testaments, being a guide to parallel passages and a complete list of Scripture proper names showing their modern pronunciation /</marc:subfield><marc:subfield code="c">Designed for the simplest reader of the English Bible, by Robert Young.</marc:subfield></marc:datafield><marc:datafield tag="250" ind1=" " ind2=" "><marc:subfield code="a">22nd American ed., revised /</marc:subfield><marc:subfield code="b">Rev. by Wm. B. Stevenson ; with a supplement entitled The canon of Scripture by R. K. Harrison and Everett F. Harrison.</marc:subfield></marc:datafield><marc:datafield tag="260" ind1=" " ind2=" "><marc:subfield code="a">Grand Rapids, Mich. :</marc:subfield><marc:subfield code="b">W.B. Eerdmans,</marc:subfield><marc:subfield code="c">[1955?]</marc:subfield><marc:subfield code="g">(1972 printing)</marc:subfield></marc:datafield><marc:datafield tag="300" ind1=" " ind2=" "><marc:subfield code="a">1090, 93, 23, 20 p. ;</marc:subfield><marc:subfield code="c">28 cm.</marc:subfield></marc:datafield><marc:datafield tag="500" ind1=" " ind2=" "><marc:subfield code="a">Spine and cover title: Young's analytical concordance to the Bible.</marc:subfield></marc:datafield><marc:datafield tag="650" ind1=" " ind2="0"><marc:subfield code="a">Hebrew language</marc:subfield><marc:subfield code="v">Dictionaries</marc:subfield><marc:subfield code="x">English.</marc:subfield></marc:datafield><marc:datafield tag="650" ind1=" " ind2="0"><marc:subfield code="a">Greek language, Biblical</marc:subfield><marc:subfield code="v">Dictionaries</marc:subfield><marc:subfield code="x">English.</marc:subfield></marc:datafield><marc:datafield tag="630" ind1="0" ind2="0"><marc:subfield code="a">Bible</marc:subfield><marc:subfield code="v">Concordances, English.</marc:subfield></marc:datafield><marc:datafield tag="630" ind1="0" ind2="0"><marc:subfield code="a">Bible</marc:subfield><marc:subfield code="x">Canon.</marc:subfield></marc:datafield><marc:datafield tag="700" ind1="1" ind2="0"><marc:subfield code="a">Stevenson, William Barron,</marc:subfield><marc:subfield code="d">1869-1954.</marc:subfield></marc:datafield><marc:datafield tag="700" ind1="1" ind2="0"><marc:subfield code="a">Harrison, R. K.</marc:subfield><marc:subfield code="q">(Roland Kenneth)</marc:subfield></marc:datafield><marc:datafield tag="700" ind1="1" ind2="0"><marc:subfield code="a">Harrison, Everett Falconer,</marc:subfield><marc:subfield code="d">1902-</marc:subfield></marc:datafield><marc:datafield tag="740" ind1="4" ind2="1"><marc:subfield code="a">The canon of Scripture.</marc:subfield></marc:datafield><marc:datafield tag="740" ind1="0" ind2="1"><marc:subfield code="a">Young's analytical concordance to the Bible.</marc:subfield></marc:datafield><marc:datafield tag="035" ind1=" " ind2=" "><marc:subfield code="a">(TxDaGIAL)37741100001456</marc:subfield></marc:datafield><marc:controlfield tag="005">20080624154417.0</marc:controlfield><marc:controlfield tag="001">408</marc:controlfield><marc:controlfield tag="003">TxDaGIAL</marc:controlfield><marc:datafield tag="852" ind1=" " ind2=" "><marc:subfield code="p">37741100001456</marc:subfield><marc:subfield code="a">Library</marc:subfield><marc:subfield code="x">COPYID:464</marc:subfield><marc:subfield code="x">FSC@aRegular@c19950215</marc:subfield><marc:subfield code="h">220.52033 Y75a 1955B</marc:subfield><marc:subfield code="z">34</marc:subfield></marc:datafield></marc:record>