
<marc:record><marc:leader>01110cam a2200265 a 4500</marc:leader>
<marc:controlfield tag="008">950705s1994    miu      d    000 0 eng  </marc:controlfield>
<marc:datafield tag="010" ind1=" " ind2=" "><marc:subfield code="a">   94011720</marc:subfield></marc:datafield><marc:datafield tag="020" ind1=" " ind2=" "><marc:subfield code="a">0310535409 :</marc:subfield><marc:subfield code="c">$42.99</marc:subfield></marc:datafield><marc:datafield tag="040" ind1=" " ind2=" "><marc:subfield code="a">DLC</marc:subfield><marc:subfield code="c">DLC</marc:subfield><marc:subfield code="d">DLC</marc:subfield></marc:datafield><marc:datafield tag="041" ind1="0" ind2=" "><marc:subfield code="a">enggrc</marc:subfield></marc:datafield><marc:datafield tag="050" ind1="0" ind2="0"><marc:subfield code="a">BS744</marc:subfield><marc:subfield code="b">.T38 1994</marc:subfield></marc:datafield><marc:datafield tag="082" ind1="0" ind2="0"><marc:subfield code="a">221.4/8/03</marc:subfield><marc:subfield code="2">20</marc:subfield></marc:datafield><marc:datafield tag="100" ind1="1" ind2="0"><marc:subfield code="a">Taylor, Bernard A.</marc:subfield><marc:subfield code="q">(Bernard Alwyn),</marc:subfield><marc:subfield code="d">1944-</marc:subfield></marc:datafield><marc:datafield tag="245" ind1="1" ind2="4"><marc:subfield code="a">The analytical lexicon to the Septuagint :</marc:subfield><marc:subfield code="b">a complete parsing guide /</marc:subfield><marc:subfield code="c">Bernard A. Taylor.</marc:subfield></marc:datafield><marc:datafield tag="260" ind1=" " ind2=" "><marc:subfield code="a">Grand Rapids, Mich. :</marc:subfield><marc:subfield code="b">Zondervan,</marc:subfield><marc:subfield code="c">[c1994]</marc:subfield></marc:datafield><marc:datafield tag="300" ind1=" " ind2=" "><marc:subfield code="a">xviii, 460 p. ;</marc:subfield><marc:subfield code="c">25 cm.</marc:subfield></marc:datafield><marc:datafield tag="630" ind1="0" ind2="0"><marc:subfield code="a">Bible.</marc:subfield><marc:subfield code="p">O.T.</marc:subfield><marc:subfield code="l">Greek</marc:subfield><marc:subfield code="x">Versions</marc:subfield><marc:subfield code="x">Septuagint</marc:subfield><marc:subfield code="x">Language, style.</marc:subfield></marc:datafield><marc:datafield tag="650" ind1=" " ind2="0"><marc:subfield code="a">Greek language, Biblical</marc:subfield><marc:subfield code="x">Parsing.</marc:subfield></marc:datafield><marc:datafield tag="650" ind1=" " ind2="0"><marc:subfield code="a">Greek language, Biblical</marc:subfield><marc:subfield code="v">Dictionaries.</marc:subfield></marc:datafield><marc:datafield tag="035" ind1=" " ind2=" "><marc:subfield code="a">(TxDaGIAL)37741100010438</marc:subfield></marc:datafield><marc:controlfield tag="005">20080624154417.0</marc:controlfield><marc:controlfield tag="001">410</marc:controlfield><marc:controlfield tag="003">TxDaGIAL</marc:controlfield><marc:datafield tag="852" ind1=" " ind2=" "><marc:subfield code="p">37741100010438</marc:subfield><marc:subfield code="a">Library</marc:subfield><marc:subfield code="9">$37.40</marc:subfield><marc:subfield code="x">FUND:AL-Tran</marc:subfield><marc:subfield code="x">COPYID:466</marc:subfield><marc:subfield code="x">FSC@aRegular@c19960326</marc:subfield><marc:subfield code="h">221.4803 T238a 1994</marc:subfield><marc:subfield code="z">B/T 2-96</marc:subfield></marc:datafield><marc:datafield tag="852" ind1=" " ind2=" "><marc:subfield code="p">37741100024812</marc:subfield><marc:subfield code="a">Library</marc:subfield><marc:subfield code="b">James E. Redden Coll</marc:subfield><marc:subfield code="9">$0.00</marc:subfield><marc:subfield code="x">FUND:Gift</marc:subfield><marc:subfield code="x">COPYID:467</marc:subfield><marc:subfield code="x">FSC@aRegular@c20010614</marc:subfield><marc:subfield code="h">221.4803 T238a 1994</marc:subfield><marc:subfield code="z">Gift James E. Redden 5-01</marc:subfield></marc:datafield></marc:record>