
<marc:record><marc:leader>03164nam a22003131a 4500</marc:leader>
<marc:controlfield tag="008">820913s1982    xx            000 0 eng d</marc:controlfield>
<marc:datafield tag="010" ind1=" " ind2=" "><marc:subfield code="a">   83132252</marc:subfield></marc:datafield><marc:datafield tag="020" ind1=" " ind2=" "><marc:subfield code="a">0878401164</marc:subfield></marc:datafield><marc:datafield tag="035" ind1=" " ind2=" "><marc:subfield code="a">(PSt)0000001511493</marc:subfield></marc:datafield><marc:datafield tag="040" ind1=" " ind2=" "><marc:subfield code="a">PSt</marc:subfield><marc:subfield code="c">PSt</marc:subfield><marc:subfield code="d">TxDaGIAL</marc:subfield></marc:datafield><marc:datafield tag="050" ind1="0" ind2="0"><marc:subfield code="a">P302</marc:subfield><marc:subfield code="b">.G464 1982</marc:subfield></marc:datafield><marc:datafield tag="111" ind1="2" ind2="0"><marc:subfield code="a">Georgetown University Round Table on Languages and Linguistics</marc:subfield><marc:subfield code="n">(32nd :</marc:subfield><marc:subfield code="d">1981 :</marc:subfield><marc:subfield code="c">Washington, D.C.)</marc:subfield></marc:datafield><marc:datafield tag="245" ind1="1" ind2="0"><marc:subfield code="a">Analyzing discourse: text and talk /</marc:subfield><marc:subfield code="c">Deborah Tannen, editor.</marc:subfield></marc:datafield><marc:datafield tag="260" ind1="0" ind2=" "><marc:subfield code="a">Washington, D.C. :</marc:subfield><marc:subfield code="b">Georgetown University Press,</marc:subfield><marc:subfield code="c">c1982.</marc:subfield></marc:datafield><marc:datafield tag="300" ind1=" " ind2=" "><marc:subfield code="a">xiii, 382 p. :</marc:subfield><marc:subfield code="b">ill., facsims, forms, music, ports. ;</marc:subfield><marc:subfield code="c">23 cm.</marc:subfield></marc:datafield><marc:datafield tag="440" ind1=" " ind2="0"><marc:subfield code="a">Georgetown University Round Table on Languages and Linguistics ;</marc:subfield><marc:subfield code="v">1981,</marc:subfield><marc:subfield code="x">0196-7207</marc:subfield></marc:datafield><marc:datafield tag="500" ind1=" " ind2=" "><marc:subfield code="a">On cover: GURT. Georgetown University Round Table on Languages and Linguistics.</marc:subfield></marc:datafield><marc:datafield tag="504" ind1=" " ind2=" "><marc:subfield code="a">Includes bibliographies.</marc:subfield></marc:datafield><marc:datafield tag="505" ind1="0" ind2=" "><marc:subfield code="a">On Emerson on language / Alton L. Becker -- Oral remembering and narrative structures / Walter J. Ong, S.J. -- Persuasive discourse and ordinary conversation, with examples from advertising / Robin Tolmach Lakoff -- Money tree, lasagna bush, salt and pepper: Social construction of topical cohesion in a conversation among Italian-Americans / Frederick Erickson -- Discourse as an interactional achievement: Some uses of 'uh huh' and other things that come between sentences / Emanuel A. Schegloff -- The place of intonation in the description of interaction / Malcolm Coulthard, David Brazil -- Topic as the unit of analysis in a criminal law case / Roger W. Shuy -- Building stories: The emergence of information structures from conversation / Catherine E. Snow, Beverly A. Goldfield -- Competence for implicit text analysis: Literary style discrimination in five-year-olds / Georgia M. Green -- Topics within topics / Joseph E. Grimes -- Episodes as units of discourse analysis / Teun A. van Dijk -- Discourse theory and the independence of sentence grammar / J. L. Morgan -- Strategies for understanding forms and other public documents / V. Melissa Holland, Janice C. Redish -- Speech actions and reactions in personal narrative / William Labov -- Ideal readers and real readers / Charles J. Fillmore -- Literature: Written and oral / William Bright -- Meaning, rhetorical structure, and discourse organization in myth / Sally McLendon -- The interplay of structure and function in Kuna narrative, or: How to grab a snake in the Darien / Joel Sherzer -- The linguistic bases of communicative competence / John J. Gumperz -- The rhythmic integration of ordinary talk / Ron Scollon -- Hard talk: A functional basis for Kaluli discourse / Steven Feld, Bambi B. Schieffelin -- The medicine and sideshow pitches / Fred 'Doc' Bloodgood.</marc:subfield></marc:datafield><marc:datafield tag="650" ind1=" " ind2="0"><marc:subfield code="a">Discourse analysis</marc:subfield><marc:subfield code="v">Congresses.</marc:subfield></marc:datafield><marc:datafield tag="650" ind1=" " ind2="0"><marc:subfield code="a">Linguistics</marc:subfield><marc:subfield code="v">Congresses.</marc:subfield></marc:datafield><marc:datafield tag="650" ind1=" " ind2="0"><marc:subfield code="a">Language and languages</marc:subfield><marc:subfield code="v">Congresses.</marc:subfield></marc:datafield><marc:datafield tag="700" ind1="1" ind2="0"><marc:subfield code="a">Tannen, Deborah.</marc:subfield></marc:datafield><marc:datafield tag="035" ind1=" " ind2=" "><marc:subfield code="a">(TxDaGIAL)37741100021225</marc:subfield></marc:datafield><marc:controlfield tag="005">20080624154417.0</marc:controlfield><marc:controlfield tag="001">411</marc:controlfield><marc:controlfield tag="003">TxDaGIAL</marc:controlfield><marc:datafield tag="852" ind1=" " ind2=" "><marc:subfield code="p">37741100021225</marc:subfield><marc:subfield code="a">Library</marc:subfield><marc:subfield code="x">COPYID:468</marc:subfield><marc:subfield code="x">FSC@aRegular@c19971021</marc:subfield><marc:subfield code="h">405 G351 1981</marc:subfield></marc:datafield><marc:datafield tag="852" ind1=" " ind2=" "><marc:subfield code="p">37741100022532</marc:subfield><marc:subfield code="a">Library</marc:subfield><marc:subfield code="9">$0.00</marc:subfield><marc:subfield code="x">COPYID:469</marc:subfield><marc:subfield code="x">FSC@aRegular@c19981005</marc:subfield><marc:subfield code="h">405 G351 1981</marc:subfield><marc:subfield code="z">Gift Ruth M. Brend 7-98</marc:subfield></marc:datafield></marc:record>