
<marc:record><marc:leader>01442pam a2200325 a 4500</marc:leader>
<marc:controlfield tag="008">870528s1987    wb       b    00100 eng  </marc:controlfield>
<marc:datafield tag="010" ind1=" " ind2=" "><marc:subfield code="a">   87015483</marc:subfield></marc:datafield><marc:datafield tag="020" ind1=" " ind2=" "><marc:subfield code="a">0899253334 (U.S. : alk. paper) :</marc:subfield><marc:subfield code="c">$68.00 (est.)</marc:subfield></marc:datafield><marc:datafield tag="040" ind1=" " ind2=" "><marc:subfield code="a">DLC</marc:subfield><marc:subfield code="c">DLC</marc:subfield><marc:subfield code="d">TxDaGIAL</marc:subfield></marc:datafield><marc:datafield tag="050" ind1="0" ind2=" "><marc:subfield code="a">P40</marc:subfield><marc:subfield code="b">.A53 1987</marc:subfield></marc:datafield><marc:datafield tag="082" ind1="0" ind2=" "><marc:subfield code="a">303.4/82</marc:subfield><marc:subfield code="2">19</marc:subfield></marc:datafield><marc:datafield tag="245" ind1="0" ind2="0"><marc:subfield code="a">Analyzing intercultural communication /</marc:subfield><marc:subfield code="c">edited by Karlfried Knapp, Werner Enninger, Annelie Knapp-Potthoff.</marc:subfield></marc:datafield><marc:datafield tag="260" ind1="0" ind2=" "><marc:subfield code="a">Berlin ;</marc:subfield><marc:subfield code="a">New York :</marc:subfield><marc:subfield code="b">Mouton de Gruyter,</marc:subfield><marc:subfield code="c">1987.</marc:subfield></marc:datafield><marc:datafield tag="300" ind1=" " ind2=" "><marc:subfield code="a">vii, 319 p. ;</marc:subfield><marc:subfield code="c">24 cm.</marc:subfield></marc:datafield><marc:datafield tag="440" ind1=" " ind2="0"><marc:subfield code="a">Studies in anthropological linguistics ;</marc:subfield><marc:subfield code="v">1</marc:subfield></marc:datafield><marc:datafield tag="500" ind1=" " ind2=" "><marc:subfield code="a">Based on proceedings of a conference on &quot;Analyzing intercultural communication&quot; held in Essen, Federal Republic of Germany, Dec. 2-3, 1983, which was organized by the RWTH Aachen, the University of Dsseldorf, and the University of Essen.</marc:subfield></marc:datafield><marc:datafield tag="504" ind1=" " ind2=" "><marc:subfield code="a">Includes bibliographies and indexes.</marc:subfield></marc:datafield><marc:datafield tag="650" ind1=" " ind2="0"><marc:subfield code="a">Sociolinguistics</marc:subfield><marc:subfield code="v">Congresses.</marc:subfield></marc:datafield><marc:datafield tag="650" ind1=" " ind2="0"><marc:subfield code="a">Intercultural communication</marc:subfield><marc:subfield code="v">Congresses.</marc:subfield></marc:datafield><marc:datafield tag="700" ind1="1" ind2="0"><marc:subfield code="a">Knapp, Karlfried.</marc:subfield></marc:datafield><marc:datafield tag="700" ind1="1" ind2="0"><marc:subfield code="a">Enninger, Werner.</marc:subfield></marc:datafield><marc:datafield tag="700" ind1="1" ind2="0"><marc:subfield code="a">Knapp-Potthoff, Annelie.</marc:subfield></marc:datafield><marc:datafield tag="710" ind1="2" ind2="0"><marc:subfield code="a">Rheinish-Westflische Technische Hochschule Aachen.</marc:subfield></marc:datafield><marc:datafield tag="710" ind1="2" ind2="0"><marc:subfield code="a">Universitt Dsseldorf.</marc:subfield></marc:datafield><marc:datafield tag="710" ind1="2" ind2="0"><marc:subfield code="a">Universitt Essen.</marc:subfield></marc:datafield><marc:datafield tag="035" ind1=" " ind2=" "><marc:subfield code="a">(TxDaGIAL)37741100009042</marc:subfield></marc:datafield><marc:controlfield tag="005">20080624154418.0</marc:controlfield><marc:controlfield tag="001">412</marc:controlfield><marc:controlfield tag="003">TxDaGIAL</marc:controlfield><marc:datafield tag="852" ind1=" " ind2=" "><marc:subfield code="p">37741100009042</marc:subfield><marc:subfield code="a">Library</marc:subfield><marc:subfield code="9">$84.25</marc:subfield><marc:subfield code="x">COPYID:470</marc:subfield><marc:subfield code="x">FSC@aRegular@c19951024</marc:subfield><marc:subfield code="h">303.482 A532k 1987</marc:subfield><marc:subfield code="z">B/T 3-89</marc:subfield></marc:datafield></marc:record>