
<marc:record><marc:leader>02852cam a2200289 i 4500</marc:leader>
<marc:controlfield tag="008">750515s1975    dcua     b    10010 eng  </marc:controlfield>
<marc:datafield tag="010" ind1=" " ind2=" "><marc:subfield code="a">   75015973</marc:subfield></marc:datafield><marc:datafield tag="020" ind1=" " ind2=" "><marc:subfield code="a">0878402071 :</marc:subfield><marc:subfield code="c">$4.95</marc:subfield></marc:datafield><marc:datafield tag="040" ind1=" " ind2=" "><marc:subfield code="a">DLC</marc:subfield><marc:subfield code="c">DLC</marc:subfield><marc:subfield code="d">TxDaGIAL</marc:subfield></marc:datafield><marc:datafield tag="050" ind1="0" ind2=" "><marc:subfield code="a">P120</marc:subfield><marc:subfield code="b">.C6 1973</marc:subfield></marc:datafield><marc:datafield tag="082" ind1=" " ind2=" "><marc:subfield code="a">401</marc:subfield></marc:datafield><marc:datafield tag="111" ind1="2" ind2="0"><marc:subfield code="a">Colloquium on New Ways of Analyzing Variation</marc:subfield><marc:subfield code="n">(2nd :</marc:subfield><marc:subfield code="d">1973 :</marc:subfield><marc:subfield code="c">Georgetown University)</marc:subfield></marc:datafield><marc:datafield tag="245" ind1="1" ind2="0"><marc:subfield code="a">Analyzing variation in language :</marc:subfield><marc:subfield code="b">papers from the Second Colloquium on New Ways of Analyzing Variation /</marc:subfield><marc:subfield code="c">Ralph W. Fasold, Roger W. Shuy, editors.</marc:subfield></marc:datafield><marc:datafield tag="260" ind1="0" ind2=" "><marc:subfield code="a">Washington :</marc:subfield><marc:subfield code="b">Georgetown University Press,</marc:subfield><marc:subfield code="c">c1975.</marc:subfield></marc:datafield><marc:datafield tag="300" ind1=" " ind2=" "><marc:subfield code="a">vii, 327 p. :</marc:subfield><marc:subfield code="b">ill. ;</marc:subfield><marc:subfield code="c">23 cm.</marc:subfield></marc:datafield><marc:datafield tag="504" ind1=" " ind2=" "><marc:subfield code="a">Includes bibliographies.</marc:subfield></marc:datafield><marc:datafield tag="505" ind1="0" ind2=" "><marc:subfield code="a">Variation Theory -- Varied objections to various variable rules / Frank Anshen -- The necessity of variable rules / Robert Berdan -- The Bailey wave model: A dynamic quantitative paradigm / Ralph W. Fasold -- Use and applications of the Cedergren-Sankoff variable rule program / Gregory R. Guy -- Variable constraints and rule relations / Walt Wolfram -- Variation in Grammar -- Some more on anymore / Donald Hindle, Ivan Sag -- Some universals for quantifier scope / Georgette Ioup -- Variation in universal grammar / Edward L. Keenan -- A 'markedness' hierarchy of quantified noun phrases / Patrick F. McNamer -- Carrying the new wave into syntax: The case of Black English BIN / John R. Rickford -- Variation in Meaning and Use -- Polysemy or monosemy: Discrete meanings or continuum? / Charles E. Ruhl -- Discord / Clare M. Silva, Arnold M. Zwicky -- Figurative language and the two-code hypothesis / Martin Steinmann, Jr. -- Where do conditional expressions qualify?: Functional variability between logical and ordinary language conditionals / Masa-Aki Yamanashi -- Uniting three traditions: The classical study of grammatical-category-space, and lexical decomposition in generative semantics / Lloyd Anderson -- Variation in Languages in Contact -- Synchronic languages and the problem of interlingual influence / David O. Oke -- Jenepher revisited: Adult language change / Barbara Robson -- Variation in Sign Language -- A good rule of thumb: Variable phonology in American sign language / Robbin Battison, Harry Markowicz, James Woodward -- Variation in American sign language syntax: Agent-Beneficiary directionality / James C. Woodward, Jr. -- Applications of Variation Studies -- What is the study of variation useful for? / Roger W. Shuy.</marc:subfield></marc:datafield><marc:datafield tag="650" ind1=" " ind2="0"><marc:subfield code="a">Language and languages</marc:subfield><marc:subfield code="x">Variation</marc:subfield><marc:subfield code="v">Congresses.</marc:subfield></marc:datafield><marc:datafield tag="650" ind1=" " ind2="0"><marc:subfield code="a">Languages in contact</marc:subfield><marc:subfield code="v">Congresses.</marc:subfield></marc:datafield><marc:datafield tag="650" ind1=" " ind2="0"><marc:subfield code="a">Sign language</marc:subfield><marc:subfield code="v">Congresses.</marc:subfield></marc:datafield><marc:datafield tag="700" ind1="1" ind2="0"><marc:subfield code="a">Fasold, Ralph W.</marc:subfield></marc:datafield><marc:datafield tag="700" ind1="1" ind2="0"><marc:subfield code="a">Shuy, Roger W.</marc:subfield></marc:datafield><marc:datafield tag="035" ind1=" " ind2=" "><marc:subfield code="a">(TxDaGIAL)37741100009910</marc:subfield></marc:datafield><marc:controlfield tag="005">20080624154418.0</marc:controlfield><marc:controlfield tag="001">413</marc:controlfield><marc:controlfield tag="003">TxDaGIAL</marc:controlfield><marc:datafield tag="852" ind1=" " ind2=" "><marc:subfield code="p">37741100009910</marc:subfield><marc:subfield code="a">Library</marc:subfield><marc:subfield code="9">$9.95</marc:subfield><marc:subfield code="x">COPYID:471</marc:subfield><marc:subfield code="x">FSC@aRegular@c19951127</marc:subfield><marc:subfield code="h">401 C714 1973</marc:subfield><marc:subfield code="z">B/T 12-90</marc:subfield></marc:datafield></marc:record>