
<marc:record><marc:leader>00966pam a2200277 a 4500</marc:leader>
<marc:controlfield tag="008">840913r19841983ilua     b    00110 eng  </marc:controlfield>
<marc:datafield tag="010" ind1=" " ind2=" "><marc:subfield code="a">   84016267</marc:subfield></marc:datafield><marc:datafield tag="020" ind1=" " ind2=" "><marc:subfield code="a">0226709558 (pbk.) :</marc:subfield><marc:subfield code="c">$10.95</marc:subfield></marc:datafield><marc:datafield tag="040" ind1=" " ind2=" "><marc:subfield code="a">DLC</marc:subfield><marc:subfield code="c">DLC</marc:subfield></marc:datafield><marc:datafield tag="050" ind1="0" ind2=" "><marc:subfield code="a">P299.A5</marc:subfield><marc:subfield code="b">R44 1984</marc:subfield></marc:datafield><marc:datafield tag="082" ind1="0" ind2=" "><marc:subfield code="a">415</marc:subfield><marc:subfield code="2">19</marc:subfield></marc:datafield><marc:datafield tag="100" ind1="1" ind2="0"><marc:subfield code="a">Reinhart, Tanya.</marc:subfield></marc:datafield><marc:datafield tag="245" ind1="1" ind2="0"><marc:subfield code="a">Anaphora and semantic interpretation /</marc:subfield><marc:subfield code="c">Tanya Reinhart.</marc:subfield></marc:datafield><marc:datafield tag="260" ind1="0" ind2=" "><marc:subfield code="a">Chicago :</marc:subfield><marc:subfield code="b">University of Chicago Press,</marc:subfield><marc:subfield code="c">[1984], c1983.</marc:subfield></marc:datafield><marc:datafield tag="300" ind1=" " ind2=" "><marc:subfield code="a">223 p. :</marc:subfield><marc:subfield code="b">ill. ;</marc:subfield><marc:subfield code="c">21 cm.</marc:subfield></marc:datafield><marc:datafield tag="500" ind1=" " ind2=" "><marc:subfield code="a">Reprint. Originally published: London : Croom Helm, c1983. (Croom Helm linguistics series)</marc:subfield></marc:datafield><marc:datafield tag="504" ind1=" " ind2=" "><marc:subfield code="a">Bibliography: p. [217]-221.</marc:subfield></marc:datafield><marc:datafield tag="500" ind1=" " ind2=" "><marc:subfield code="a">Includes index.</marc:subfield></marc:datafield><marc:datafield tag="650" ind1=" " ind2="0"><marc:subfield code="a">Anaphora (Linguistics)</marc:subfield></marc:datafield><marc:datafield tag="650" ind1=" " ind2="0"><marc:subfield code="a">Grammar, Comparative and general</marc:subfield><marc:subfield code="x">Syntax.</marc:subfield></marc:datafield><marc:datafield tag="650" ind1=" " ind2="0"><marc:subfield code="a">Semantics.</marc:subfield></marc:datafield><marc:datafield tag="035" ind1=" " ind2=" "><marc:subfield code="a">(TxDaGIAL)37741100003770</marc:subfield></marc:datafield><marc:controlfield tag="005">20080624154418.0</marc:controlfield><marc:controlfield tag="001">414</marc:controlfield><marc:controlfield tag="003">TxDaGIAL</marc:controlfield><marc:datafield tag="852" ind1=" " ind2=" "><marc:subfield code="p">37741100003770</marc:subfield><marc:subfield code="a">Library</marc:subfield><marc:subfield code="x">COPYID:472</marc:subfield><marc:subfield code="x">FSC@aRegular@c19950425</marc:subfield><marc:subfield code="h">415 R371a 1984C</marc:subfield><marc:subfield code="z">11607</marc:subfield></marc:datafield></marc:record>