
<marc:record><marc:leader>01052cam a2200289 p 4500</marc:leader>
<marc:controlfield tag="008">800513s1979    ne       b    00110 eng  </marc:controlfield>
<marc:datafield tag="010" ind1=" " ind2=" "><marc:subfield code="a">   80474996 //r84</marc:subfield></marc:datafield><marc:datafield tag="015" ind1=" " ind2=" "><marc:subfield code="a">Ne80-1</marc:subfield></marc:datafield><marc:datafield tag="020" ind1=" " ind2=" "><marc:subfield code="a">902723003X</marc:subfield></marc:datafield><marc:datafield tag="040" ind1=" " ind2=" "><marc:subfield code="a">DLC</marc:subfield><marc:subfield code="c">DLC</marc:subfield><marc:subfield code="d">TxDaGIAL</marc:subfield></marc:datafield><marc:datafield tag="050" ind1="0" ind2=" "><marc:subfield code="a">P281</marc:subfield><marc:subfield code="b">.L6</marc:subfield></marc:datafield><marc:datafield tag="082" ind1=" " ind2=" "><marc:subfield code="a">439/.9</marc:subfield></marc:datafield><marc:datafield tag="100" ind1="1" ind2="0"><marc:subfield code="a">Lloyd, Albert L.,</marc:subfield><marc:subfield code="d">1930-</marc:subfield></marc:datafield><marc:datafield tag="245" ind1="1" ind2="0"><marc:subfield code="a">Anatomy of the verb :</marc:subfield><marc:subfield code="b">the Gothic verb as a model for a unified theory of aspect, actional types, and verbal velocity /</marc:subfield><marc:subfield code="c">Albert L. Lloyd.</marc:subfield></marc:datafield><marc:datafield tag="260" ind1="0" ind2=" "><marc:subfield code="a">[1007 HA] Amsterdam, [postbus 52519] :</marc:subfield><marc:subfield code="b">Benjamins,</marc:subfield><marc:subfield code="c">1979.</marc:subfield></marc:datafield><marc:datafield tag="300" ind1=" " ind2=" "><marc:subfield code="a">x, 351 p. ;</marc:subfield><marc:subfield code="c">23 cm.</marc:subfield></marc:datafield><marc:datafield tag="440" ind1=" " ind2="0"><marc:subfield code="a">Studies in language companion series ;</marc:subfield><marc:subfield code="v">v. 4,</marc:subfield><marc:subfield code="x">0165-7763</marc:subfield></marc:datafield><marc:datafield tag="504" ind1=" " ind2=" "><marc:subfield code="a">Bibliography: p. [325]-336.</marc:subfield></marc:datafield><marc:datafield tag="500" ind1=" " ind2=" "><marc:subfield code="a">Includes indexes.</marc:subfield></marc:datafield><marc:datafield tag="650" ind1=" " ind2="0"><marc:subfield code="a">Grammar, Comparative and general</marc:subfield><marc:subfield code="x">Verb.</marc:subfield></marc:datafield><marc:datafield tag="650" ind1=" " ind2="0"><marc:subfield code="a">Gothic language</marc:subfield><marc:subfield code="x">Verb.</marc:subfield></marc:datafield><marc:datafield tag="650" ind1=" " ind2="0"><marc:subfield code="a">Indo-European languages</marc:subfield><marc:subfield code="x">Verb.</marc:subfield></marc:datafield><marc:datafield tag="035" ind1=" " ind2=" "><marc:subfield code="a">(TxDaGIAL)37741100006986</marc:subfield></marc:datafield><marc:controlfield tag="005">20080624154419.0</marc:controlfield><marc:controlfield tag="001">418</marc:controlfield><marc:controlfield tag="003">TxDaGIAL</marc:controlfield><marc:datafield tag="852" ind1=" " ind2=" "><marc:subfield code="p">37741100006986</marc:subfield><marc:subfield code="a">Library</marc:subfield><marc:subfield code="x">COPYID:476</marc:subfield><marc:subfield code="x">FSC@aRegular@c19950818</marc:subfield><marc:subfield code="h">439.9 L793a 1979</marc:subfield><marc:subfield code="z">6347</marc:subfield></marc:datafield></marc:record>