
<marc:record><marc:leader>01215nam a2200301Ii 4500</marc:leader>
<marc:controlfield tag="008">760217t19421931nyuabf   b    00010 eng  </marc:controlfield>
<marc:datafield tag="010" ind1=" " ind2=" "><marc:subfield code="a">   31007524</marc:subfield></marc:datafield><marc:datafield tag="035" ind1=" " ind2=" "><marc:subfield code="a">(CU-UC)2680622</marc:subfield></marc:datafield><marc:datafield tag="040" ind1=" " ind2=" "><marc:subfield code="a">DLC</marc:subfield><marc:subfield code="c">CIN</marc:subfield><marc:subfield code="d">CIN</marc:subfield><marc:subfield code="d">SER</marc:subfield><marc:subfield code="d">OCoLC</marc:subfield><marc:subfield code="d">DZM</marc:subfield><marc:subfield code="d">RQA</marc:subfield></marc:datafield><marc:datafield tag="050" ind1="0" ind2=" "><marc:subfield code="a">F2229</marc:subfield><marc:subfield code="b">.M49</marc:subfield></marc:datafield><marc:datafield tag="100" ind1="1" ind2="0"><marc:subfield code="a">Means, Philip Ainsworth,</marc:subfield><marc:subfield code="d">1892-1944.</marc:subfield></marc:datafield><marc:datafield tag="245" ind1="1" ind2="0"><marc:subfield code="a">Ancient civilizations of the Andes /</marc:subfield><marc:subfield code="c">by Philip Ainsworth Means.</marc:subfield></marc:datafield><marc:datafield tag="260" ind1="0" ind2=" "><marc:subfield code="a">New York ;</marc:subfield><marc:subfield code="a">London :</marc:subfield><marc:subfield code="b">C. Scribner's Sons,</marc:subfield><marc:subfield code="c">1942, c1931.</marc:subfield></marc:datafield><marc:datafield tag="300" ind1=" " ind2=" "><marc:subfield code="a">xviii, 586 p. incl. map. :</marc:subfield><marc:subfield code="b">col. front., illus., plates. ;</marc:subfield><marc:subfield code="c">24 cm.</marc:subfield></marc:datafield><marc:datafield tag="500" ind1=" " ind2=" "><marc:subfield code="a">&quot;The Andean area may, for the purposes of this volume, be defined as including the republics of Ecuador, Peru, and Bolivia, together with adjacent portions of Colombia, Argentina, and Chile.&quot;--p. 3.</marc:subfield></marc:datafield><marc:datafield tag="504" ind1=" " ind2=" "><marc:subfield code="a">Bibliography: p. [543]-573.</marc:subfield></marc:datafield><marc:datafield tag="546" ind1=" " ind2=" "><marc:subfield code="a">English.</marc:subfield></marc:datafield><marc:datafield tag="650" ind1=" " ind2="0"><marc:subfield code="a">Incas.</marc:subfield></marc:datafield><marc:datafield tag="650" ind1=" " ind2="0"><marc:subfield code="a">Textile fabrics</marc:subfield><marc:subfield code="z">Peru.</marc:subfield></marc:datafield><marc:datafield tag="651" ind1=" " ind2="0"><marc:subfield code="a">South America</marc:subfield><marc:subfield code="x">Antiquities.</marc:subfield></marc:datafield><marc:datafield tag="651" ind1=" " ind2="0"><marc:subfield code="a">Andes</marc:subfield><marc:subfield code="x">Antiquities.</marc:subfield></marc:datafield><marc:datafield tag="651" ind1=" " ind2="0"><marc:subfield code="a">Peru</marc:subfield><marc:subfield code="x">Antiquities.</marc:subfield></marc:datafield><marc:datafield tag="651" ind1=" " ind2="0"><marc:subfield code="a">Peru</marc:subfield><marc:subfield code="x">History</marc:subfield><marc:subfield code="y">To 1548.</marc:subfield></marc:datafield><marc:datafield tag="035" ind1=" " ind2=" "><marc:subfield code="a">(TxDaGIAL)37741100015321</marc:subfield></marc:datafield><marc:controlfield tag="005">20080624154419.0</marc:controlfield><marc:controlfield tag="001">419</marc:controlfield><marc:controlfield tag="003">TxDaGIAL</marc:controlfield><marc:datafield tag="852" ind1=" " ind2=" "><marc:subfield code="p">37741100015321</marc:subfield><marc:subfield code="a">Library</marc:subfield><marc:subfield code="x">COPYID:477</marc:subfield><marc:subfield code="x">FSC@aRegular@c19970224</marc:subfield><marc:subfield code="h">985.02 M483a 1942</marc:subfield><marc:subfield code="z">775</marc:subfield></marc:datafield></marc:record>