
<marc:record><marc:leader>00861nam a2200265 i 4500</marc:leader>
<marc:controlfield tag="008">780919s1975    inua     b    00010 eng  </marc:controlfield>
<marc:datafield tag="010" ind1=" " ind2=" "><marc:subfield code="a">   78054099</marc:subfield></marc:datafield><marc:datafield tag="020" ind1=" " ind2=" "><marc:subfield code="a">0897080017 :</marc:subfield><marc:subfield code="c">$6.95</marc:subfield></marc:datafield><marc:datafield tag="040" ind1=" " ind2=" "><marc:subfield code="a">DLC</marc:subfield><marc:subfield code="c">DLC</marc:subfield><marc:subfield code="d">TxDaGIAL</marc:subfield></marc:datafield><marc:datafield tag="043" ind1=" " ind2=" "><marc:subfield code="a">f-ua---</marc:subfield></marc:datafield><marc:datafield tag="050" ind1="0" ind2=" "><marc:subfield code="a">DT61</marc:subfield><marc:subfield code="b">.P73</marc:subfield></marc:datafield><marc:datafield tag="082" ind1=" " ind2=" "><marc:subfield code="a">932/.01</marc:subfield></marc:datafield><marc:datafield tag="100" ind1="1" ind2="0"><marc:subfield code="a">Preger, Elfriede.</marc:subfield></marc:datafield><marc:datafield tag="245" ind1="1" ind2="0"><marc:subfield code="a">Ancient Egypt :</marc:subfield><marc:subfield code="b">a survey /</marc:subfield><marc:subfield code="c">Elfriede Preger.</marc:subfield></marc:datafield><marc:datafield tag="260" ind1="0" ind2=" "><marc:subfield code="a">South Bend, Ind. :</marc:subfield><marc:subfield code="b">Around Publishing/The Distributors,</marc:subfield><marc:subfield code="c">c1975.</marc:subfield></marc:datafield><marc:datafield tag="300" ind1=" " ind2=" "><marc:subfield code="a">96 p., [10] leaves of plates :</marc:subfield><marc:subfield code="b">ill. ;</marc:subfield><marc:subfield code="c">26 cm.</marc:subfield></marc:datafield><marc:datafield tag="490" ind1="0" ind2=" "><marc:subfield code="a">And books</marc:subfield></marc:datafield><marc:datafield tag="504" ind1=" " ind2=" "><marc:subfield code="a">Bibliography: p. 91.</marc:subfield></marc:datafield><marc:datafield tag="651" ind1=" " ind2="0"><marc:subfield code="a">Egypt</marc:subfield><marc:subfield code="x">Civilization</marc:subfield><marc:subfield code="y">To 332 B.C.</marc:subfield></marc:datafield><marc:datafield tag="651" ind1=" " ind2="0"><marc:subfield code="a">Egypt</marc:subfield><marc:subfield code="x">Antiquities.</marc:subfield></marc:datafield><marc:datafield tag="035" ind1=" " ind2=" "><marc:subfield code="a">(TxDaGIAL)37741100007575</marc:subfield></marc:datafield><marc:controlfield tag="005">20080624154419.0</marc:controlfield><marc:controlfield tag="001">420</marc:controlfield><marc:controlfield tag="003">TxDaGIAL</marc:controlfield><marc:datafield tag="852" ind1=" " ind2=" "><marc:subfield code="p">37741100007575</marc:subfield><marc:subfield code="a">Library</marc:subfield><marc:subfield code="x">COPYID:478</marc:subfield><marc:subfield code="x">FSC@aRegular@c19950901</marc:subfield><marc:subfield code="h">932 P923 1975</marc:subfield><marc:subfield code="z">Gift Steve Armes 7-85</marc:subfield></marc:datafield></marc:record>