
<marc:record><marc:leader>00829cam a22002531  4500</marc:leader>
<marc:controlfield tag="008">721213s1952    ilu           000 0 eng  </marc:controlfield>
<marc:datafield tag="010" ind1=" " ind2=" "><marc:subfield code="a">   52008156 /L/r944</marc:subfield></marc:datafield><marc:datafield tag="040" ind1=" " ind2=" "><marc:subfield code="a">DLC</marc:subfield><marc:subfield code="c">DLC</marc:subfield><marc:subfield code="d">DLC</marc:subfield><marc:subfield code="d">TxDaGIAL</marc:subfield></marc:datafield><marc:datafield tag="041" ind1="1" ind2=" "><marc:subfield code="a">engund</marc:subfield></marc:datafield><marc:datafield tag="050" ind1="0" ind2="0"><marc:subfield code="a">BS1192.5</marc:subfield><marc:subfield code="b">.W413</marc:subfield></marc:datafield><marc:datafield tag="082" ind1="0" ind2="0"><marc:subfield code="a">306/.6</marc:subfield><marc:subfield code="2">19</marc:subfield></marc:datafield><marc:datafield tag="100" ind1="1" ind2="0"><marc:subfield code="a">Weber, Max,</marc:subfield><marc:subfield code="d">1864-1920.</marc:subfield></marc:datafield><marc:datafield tag="240" ind1="1" ind2="0"><marc:subfield code="a">Antike Judentum.</marc:subfield><marc:subfield code="l">English.</marc:subfield></marc:datafield><marc:datafield tag="245" ind1="1" ind2="0"><marc:subfield code="a">Ancient Judaism /</marc:subfield><marc:subfield code="c">translated and edited by Hans H. Gerth and Don Martindale.</marc:subfield></marc:datafield><marc:datafield tag="260" ind1="0" ind2=" "><marc:subfield code="a">Glencoe, Ill. :</marc:subfield><marc:subfield code="b">Free Press,</marc:subfield><marc:subfield code="c">1952.</marc:subfield></marc:datafield><marc:datafield tag="300" ind1=" " ind2=" "><marc:subfield code="a">484 p. ;</marc:subfield><marc:subfield code="c">21 cm.</marc:subfield></marc:datafield><marc:datafield tag="650" ind1=" " ind2="0"><marc:subfield code="a">Judaism</marc:subfield><marc:subfield code="x">History of doctrines.</marc:subfield></marc:datafield><marc:datafield tag="650" ind1=" " ind2="0"><marc:subfield code="a">Sociology, Jewish.</marc:subfield></marc:datafield><marc:datafield tag="630" ind1="0" ind2="0"><marc:subfield code="a">Bible.</marc:subfield><marc:subfield code="p">O.T.</marc:subfield><marc:subfield code="x">Theology.</marc:subfield></marc:datafield><marc:datafield tag="035" ind1=" " ind2=" "><marc:subfield code="a">(TxDaGIAL)37741100006966</marc:subfield></marc:datafield><marc:controlfield tag="005">20080624154420.0</marc:controlfield><marc:controlfield tag="001">422</marc:controlfield><marc:controlfield tag="003">TxDaGIAL</marc:controlfield><marc:datafield tag="852" ind1=" " ind2=" "><marc:subfield code="p">37741100006966</marc:subfield><marc:subfield code="a">Library</marc:subfield><marc:subfield code="x">COPYID:480</marc:subfield><marc:subfield code="x">FSC@aRegular@c19950817</marc:subfield><marc:subfield code="h">296 W375a.E 1952</marc:subfield><marc:subfield code="z">11070</marc:subfield></marc:datafield></marc:record>