
<marc:record><marc:leader>01176nam a2200301 a 4500</marc:leader>
<marc:controlfield tag="008">820715r19801969onca     b    00010 eng  </marc:controlfield>
<marc:datafield tag="010" ind1=" " ind2=" "><marc:subfield code="a">   81166366</marc:subfield></marc:datafield><marc:datafield tag="015" ind1=" " ind2=" "><marc:subfield code="a">C***</marc:subfield></marc:datafield><marc:datafield tag="020" ind1=" " ind2=" "><marc:subfield code="a">0802064353 (pbk.)</marc:subfield></marc:datafield><marc:datafield tag="040" ind1=" " ind2=" "><marc:subfield code="a">DLC</marc:subfield><marc:subfield code="c">DLC</marc:subfield></marc:datafield><marc:datafield tag="050" ind1="0" ind2=" "><marc:subfield code="a">Z105</marc:subfield><marc:subfield code="b">.U4 1980</marc:subfield></marc:datafield><marc:datafield tag="082" ind1="0" ind2=" "><marc:subfield code="a">411/.7</marc:subfield><marc:subfield code="2">19</marc:subfield></marc:datafield><marc:datafield tag="100" ind1="1" ind2="0"><marc:subfield code="a">Ullman, B. L.</marc:subfield><marc:subfield code="q">(Berthold Louis),</marc:subfield><marc:subfield code="d">1882-1965.</marc:subfield></marc:datafield><marc:datafield tag="245" ind1="1" ind2="0"><marc:subfield code="a">Ancient writing and its influence /</marc:subfield><marc:subfield code="c">B.L. Ullman ; introduction by Julian Brown.</marc:subfield></marc:datafield><marc:datafield tag="260" ind1="0" ind2=" "><marc:subfield code="a">Toronto ;</marc:subfield><marc:subfield code="a">Buffalo :</marc:subfield><marc:subfield code="b">University of Toronto Press in association with the Medieval Academy of America,</marc:subfield><marc:subfield code="c">c1980.</marc:subfield></marc:datafield><marc:datafield tag="300" ind1=" " ind2=" "><marc:subfield code="a">xviii, 240 p., [16] p. of plates :</marc:subfield><marc:subfield code="b">ill. ;</marc:subfield><marc:subfield code="c">21 cm.</marc:subfield></marc:datafield><marc:datafield tag="440" ind1=" " ind2="0"><marc:subfield code="a">Medieval Academy reprints for teaching ;</marc:subfield><marc:subfield code="v">10</marc:subfield></marc:datafield><marc:datafield tag="500" ind1=" " ind2=" "><marc:subfield code="a">&quot;Originally published by Longmans, Green and Co., New York 1932 ... This edition reprinted from the 1969 edition&quot;--T.p. verso.</marc:subfield></marc:datafield><marc:datafield tag="504" ind1=" " ind2=" "><marc:subfield code="a">Bibliography: p. 231-240.</marc:subfield></marc:datafield><marc:datafield tag="650" ind1=" " ind2="0"><marc:subfield code="a">Paleography.</marc:subfield></marc:datafield><marc:datafield tag="650" ind1=" " ind2="0"><marc:subfield code="a">Alphabet.</marc:subfield></marc:datafield><marc:datafield tag="650" ind1=" " ind2="0"><marc:subfield code="a">Writing</marc:subfield><marc:subfield code="x">History.</marc:subfield></marc:datafield><marc:datafield tag="700" ind1="1" ind2="0"><marc:subfield code="a">Brown, Julian.</marc:subfield></marc:datafield><marc:datafield tag="035" ind1=" " ind2=" "><marc:subfield code="a">(TxDaGIAL)37741100004259</marc:subfield></marc:datafield><marc:controlfield tag="005">20080624154420.0</marc:controlfield><marc:controlfield tag="001">423</marc:controlfield><marc:controlfield tag="003">TxDaGIAL</marc:controlfield><marc:datafield tag="852" ind1=" " ind2=" "><marc:subfield code="p">37741100004259</marc:subfield><marc:subfield code="a">Library</marc:subfield><marc:subfield code="9">$0.00</marc:subfield><marc:subfield code="x">COPYID:481</marc:subfield><marc:subfield code="x">FSC@aRegular@c19950524</marc:subfield><marc:subfield code="h">411.7 U42a 1980</marc:subfield><marc:subfield code="z">8245</marc:subfield></marc:datafield></marc:record>