
<marc:record><marc:leader>00776cam a2200217 i 4500</marc:leader>
<marc:controlfield tag="008">710414s1970    nju           00010 eng  </marc:controlfield>
<marc:datafield tag="010" ind1=" " ind2=" "><marc:subfield code="a">   72135651 //r91</marc:subfield></marc:datafield><marc:datafield tag="020" ind1=" " ind2=" "><marc:subfield code="a">0130364835</marc:subfield></marc:datafield><marc:datafield tag="040" ind1=" " ind2=" "><marc:subfield code="a">DLC</marc:subfield><marc:subfield code="c">DLC</marc:subfield><marc:subfield code="d">DLC</marc:subfield><marc:subfield code="d">TxDaGIAL</marc:subfield></marc:datafield><marc:datafield tag="050" ind1="0" ind2="0"><marc:subfield code="a">PE1065</marc:subfield><marc:subfield code="b">.L33</marc:subfield></marc:datafield><marc:datafield tag="082" ind1="0" ind2="0"><marc:subfield code="a">420.7</marc:subfield></marc:datafield><marc:datafield tag="100" ind1="1" ind2="0"><marc:subfield code="a">Laird, Charlton Grant,</marc:subfield><marc:subfield code="d">1901-</marc:subfield></marc:datafield><marc:datafield tag="245" ind1="1" ind2="0"><marc:subfield code="a">And gladly teche :</marc:subfield><marc:subfield code="b">notes on instructing the natives in the native tongue /</marc:subfield><marc:subfield code="c">Charlton Laird.</marc:subfield></marc:datafield><marc:datafield tag="260" ind1="0" ind2=" "><marc:subfield code="a">Englewood Cliffs, N.J. :</marc:subfield><marc:subfield code="b">Prentice-Hall,</marc:subfield><marc:subfield code="c">c1970.</marc:subfield></marc:datafield><marc:datafield tag="300" ind1=" " ind2=" "><marc:subfield code="a">xiv, 217 p. :</marc:subfield><marc:subfield code="b">port. ;</marc:subfield><marc:subfield code="c">21 cm.</marc:subfield></marc:datafield><marc:datafield tag="650" ind1=" " ind2="0"><marc:subfield code="a">English language</marc:subfield><marc:subfield code="x">Study and teaching.</marc:subfield></marc:datafield><marc:datafield tag="035" ind1=" " ind2=" "><marc:subfield code="a">(TxDaGIAL)37741100004962</marc:subfield></marc:datafield><marc:controlfield tag="005">20080624154420.0</marc:controlfield><marc:controlfield tag="001">424</marc:controlfield><marc:controlfield tag="003">TxDaGIAL</marc:controlfield><marc:datafield tag="852" ind1=" " ind2=" "><marc:subfield code="p">37741100004962</marc:subfield><marc:subfield code="a">Library</marc:subfield><marc:subfield code="x">COPYID:482</marc:subfield><marc:subfield code="x">FSC@aRegular@c19950616</marc:subfield><marc:subfield code="h">420.7 L188a 1970</marc:subfield><marc:subfield code="z">Gift Jeff Schrum 5-93</marc:subfield></marc:datafield></marc:record>