
<marc:record><marc:leader>00832pam a2200241 a 4500</marc:leader>
<marc:controlfield tag="008">860417s1986    lau          s00011 eng  </marc:controlfield>
<marc:datafield tag="010" ind1=" " ind2=" "><marc:subfield code="a">   86010625</marc:subfield></marc:datafield><marc:datafield tag="020" ind1=" " ind2=" "><marc:subfield code="a">0807113409</marc:subfield></marc:datafield><marc:datafield tag="040" ind1=" " ind2=" "><marc:subfield code="a">DLC</marc:subfield><marc:subfield code="c">DLC</marc:subfield><marc:subfield code="d">TxDaGIAL</marc:subfield></marc:datafield><marc:datafield tag="041" ind1="1" ind2=" "><marc:subfield code="a">engind</marc:subfield></marc:datafield><marc:datafield tag="050" ind1="0" ind2=" "><marc:subfield code="a">PL5089.M356</marc:subfield><marc:subfield code="b">D313 1986</marc:subfield></marc:datafield><marc:datafield tag="082" ind1="0" ind2=" "><marc:subfield code="a">899/.22133</marc:subfield><marc:subfield code="2">19</marc:subfield></marc:datafield><marc:datafield tag="100" ind1="1" ind2="0"><marc:subfield code="a">Marahimin, Ismail,</marc:subfield><marc:subfield code="d">1934-</marc:subfield></marc:datafield><marc:datafield tag="240" ind1="1" ind2="0"><marc:subfield code="a">Dan perang pun usai.</marc:subfield><marc:subfield code="l">English.</marc:subfield></marc:datafield><marc:datafield tag="245" ind1="1" ind2="0"><marc:subfield code="a">And the war is over :</marc:subfield><marc:subfield code="b">a novel /</marc:subfield><marc:subfield code="c">by Ismail Marahimin ; translated by John H. McGlynn.</marc:subfield></marc:datafield><marc:datafield tag="260" ind1="0" ind2=" "><marc:subfield code="a">Baton Rouge :</marc:subfield><marc:subfield code="b">Louisiana State University Press,</marc:subfield><marc:subfield code="c">1986.</marc:subfield></marc:datafield><marc:datafield tag="300" ind1=" " ind2=" "><marc:subfield code="a">viii, 173 p. ;</marc:subfield><marc:subfield code="c">23 cm.</marc:subfield></marc:datafield><marc:datafield tag="500" ind1=" " ind2=" "><marc:subfield code="a">Translation of: Dan perang pun usai.</marc:subfield></marc:datafield><marc:datafield tag="035" ind1=" " ind2=" "><marc:subfield code="a">(TxDaGIAL)37741100009578</marc:subfield></marc:datafield><marc:controlfield tag="005">20080624154420.0</marc:controlfield><marc:controlfield tag="001">425</marc:controlfield><marc:controlfield tag="003">TxDaGIAL</marc:controlfield><marc:datafield tag="852" ind1=" " ind2=" "><marc:subfield code="p">37741100009578</marc:subfield><marc:subfield code="a">Library</marc:subfield><marc:subfield code="x">COPYID:483</marc:subfield><marc:subfield code="x">FSC@aRegular@c19951114</marc:subfield><marc:subfield code="h">899.22133 M298d.E 1977</marc:subfield><marc:subfield code="z">12923</marc:subfield></marc:datafield></marc:record>