
<marc:record><marc:leader>01203nam a22003011  4500</marc:leader>
<marc:controlfield tag="008">940807s1964    nyua          001 0 eng d</marc:controlfield>
<marc:datafield tag="010" ind1=" " ind2=" "><marc:subfield code="a">22-15323</marc:subfield></marc:datafield><marc:datafield tag="020" ind1=" " ind2=" "><marc:subfield code="c">$2.95</marc:subfield></marc:datafield><marc:datafield tag="040" ind1=" " ind2=" "><marc:subfield code="a">DLC</marc:subfield><marc:subfield code="c">TxDaGIAL</marc:subfield><marc:subfield code="d">TxDaGIAL</marc:subfield></marc:datafield><marc:datafield tag="050" ind1=" " ind2=" "><marc:subfield code="a">DS491.A5</marc:subfield><marc:subfield code="b">R3</marc:subfield></marc:datafield><marc:datafield tag="100" ind1="1" ind2=" "><marc:subfield code="a">Radcliffe-Brown, A. R.</marc:subfield><marc:subfield code="d">1881-1955</marc:subfield><marc:subfield code="q">(Alfred Reginald)</marc:subfield></marc:datafield><marc:datafield tag="245" ind1="1" ind2="4"><marc:subfield code="a">The Andaman islanders /</marc:subfield><marc:subfield code="c">A.R. Radcliffe-Brown.</marc:subfield></marc:datafield><marc:datafield tag="250" ind1=" " ind2=" "><marc:subfield code="a">1st Free Press paperback ed.</marc:subfield></marc:datafield><marc:datafield tag="260" ind1=" " ind2=" "><marc:subfield code="a">New York :</marc:subfield><marc:subfield code="b">Free Press,</marc:subfield><marc:subfield code="c">1964, c1922.</marc:subfield></marc:datafield><marc:datafield tag="300" ind1=" " ind2=" "><marc:subfield code="a">xiv, 510 p., [15] p. of plates :</marc:subfield><marc:subfield code="b">ill., maps ;</marc:subfield><marc:subfield code="c">23 cm.</marc:subfield></marc:datafield><marc:datafield tag="440" ind1=" " ind2="0"><marc:subfield code="a">Free Press paperback</marc:subfield></marc:datafield><marc:datafield tag="500" ind1=" " ind2=" "><marc:subfield code="a">First published 1922.</marc:subfield></marc:datafield><marc:datafield tag="500" ind1=" " ind2=" "><marc:subfield code="a">Originally presented as a fellowship thesis at Trinity College, University of Cambridge, 1909.</marc:subfield></marc:datafield><marc:datafield tag="500" ind1=" " ind2=" "><marc:subfield code="a">Includes index.</marc:subfield></marc:datafield><marc:datafield tag="650" ind1=" " ind2="0"><marc:subfield code="a">Folklore</marc:subfield><marc:subfield code="z">India</marc:subfield><marc:subfield code="z">Andaman and Nicobar Islands.</marc:subfield></marc:datafield><marc:datafield tag="650" ind1=" " ind2="0"><marc:subfield code="a">Andamanese (Indic people)</marc:subfield></marc:datafield><marc:datafield tag="651" ind1=" " ind2="0"><marc:subfield code="a">Andaman Islands (India)</marc:subfield><marc:subfield code="x">Social life and customs.</marc:subfield></marc:datafield><marc:datafield tag="651" ind1=" " ind2="0"><marc:subfield code="a">Andaman and Nicobar Islands (India)</marc:subfield><marc:subfield code="x">Social life and customs.</marc:subfield></marc:datafield><marc:datafield tag="035" ind1=" " ind2=" "><marc:subfield code="a">(TxDaGIAL)37741100000167</marc:subfield></marc:datafield><marc:controlfield tag="005">20080624154421.0</marc:controlfield><marc:controlfield tag="001">426</marc:controlfield><marc:controlfield tag="003">TxDaGIAL</marc:controlfield><marc:datafield tag="852" ind1=" " ind2=" "><marc:subfield code="p">37741100000167</marc:subfield><marc:subfield code="a">Library</marc:subfield><marc:subfield code="9">$1.50</marc:subfield><marc:subfield code="x">COPYID:484</marc:subfield><marc:subfield code="x">FSC@aRegular@c19940808</marc:subfield><marc:subfield code="h">305.8959 R125a 1964</marc:subfield><marc:subfield code="z">purchased from K. McElhanon</marc:subfield></marc:datafield></marc:record>