
<marc:record><marc:leader>01170cam a2200301Ii 4500</marc:leader>
<marc:controlfield tag="008">720403c19641960nyua     b    00010 eng d</marc:controlfield>
<marc:datafield tag="010" ind1=" " ind2=" "><marc:subfield code="a">   64013816</marc:subfield></marc:datafield><marc:datafield tag="035" ind1=" " ind2=" "><marc:subfield code="a">(CU-UC)dlaisn516500</marc:subfield></marc:datafield><marc:datafield tag="040" ind1=" " ind2=" "><marc:subfield code="c">OSU</marc:subfield><marc:subfield code="d">CUS</marc:subfield></marc:datafield><marc:datafield tag="100" ind1="1" ind2="0"><marc:subfield code="a">Bennett, Wendell Clark,</marc:subfield><marc:subfield code="d">1905-1953.</marc:subfield></marc:datafield><marc:datafield tag="245" ind1="1" ind2="0"><marc:subfield code="a">Andean culture history /</marc:subfield><marc:subfield code="c">[by] Wendell C. Bennett and Junius B. Bird.</marc:subfield></marc:datafield><marc:datafield tag="250" ind1=" " ind2=" "><marc:subfield code="a">2d and rev. ed.</marc:subfield></marc:datafield><marc:datafield tag="260" ind1="0" ind2=" "><marc:subfield code="a">Garden City, N. Y. :</marc:subfield><marc:subfield code="b">Published for the American Museum of Natural History [by] Natural History Press,</marc:subfield><marc:subfield code="c">[1964, c1960]</marc:subfield></marc:datafield><marc:datafield tag="300" ind1=" " ind2=" "><marc:subfield code="a">257 p. :</marc:subfield><marc:subfield code="b">illus.</marc:subfield></marc:datafield><marc:datafield tag="440" ind1=" " ind2="0"><marc:subfield code="a">American Museum science books ;</marc:subfield><marc:subfield code="v">B9.</marc:subfield></marc:datafield><marc:datafield tag="500" ind1=" " ind2=" "><marc:subfield code="a">Originally published as an anthropological handbook for the American Museum of Natural History.&quot;</marc:subfield></marc:datafield><marc:datafield tag="504" ind1=" " ind2=" "><marc:subfield code="a">Bibliography: p. [229]-245.</marc:subfield></marc:datafield><marc:datafield tag="546" ind1=" " ind2=" "><marc:subfield code="a">English.</marc:subfield></marc:datafield><marc:datafield tag="650" ind1=" " ind2="0"><marc:subfield code="a">Incas.</marc:subfield></marc:datafield><marc:datafield tag="650" ind1=" " ind2="0"><marc:subfield code="a">Indians of South America</marc:subfield><marc:subfield code="x">Antiquities.</marc:subfield></marc:datafield><marc:datafield tag="651" ind1=" " ind2="0"><marc:subfield code="a">Peru</marc:subfield><marc:subfield code="x">History</marc:subfield><marc:subfield code="y">To 1548.</marc:subfield></marc:datafield><marc:datafield tag="651" ind1=" " ind2="0"><marc:subfield code="a">Peru</marc:subfield><marc:subfield code="x">Antiquities.</marc:subfield></marc:datafield><marc:datafield tag="700" ind1="1" ind2="0"><marc:subfield code="a">Bird, Junius Bouton,</marc:subfield><marc:subfield code="d">1907-</marc:subfield></marc:datafield><marc:datafield tag="035" ind1=" " ind2=" "><marc:subfield code="a">(TxDaGIAL)37741100015002</marc:subfield></marc:datafield><marc:controlfield tag="005">20080624154421.0</marc:controlfield><marc:controlfield tag="001">427</marc:controlfield><marc:controlfield tag="003">TxDaGIAL</marc:controlfield><marc:datafield tag="852" ind1=" " ind2=" "><marc:subfield code="p">37741100015002</marc:subfield><marc:subfield code="a">Library</marc:subfield><marc:subfield code="9">$0.00</marc:subfield><marc:subfield code="x">COPYID:485</marc:subfield><marc:subfield code="x">FSC@aRegular@c19970211</marc:subfield><marc:subfield code="h">985.01 B472a 1964</marc:subfield><marc:subfield code="z">James Thayer gift 1161</marc:subfield></marc:datafield></marc:record>