
<marc:record><marc:leader>01130cam a2200277 a 4500</marc:leader>
<marc:controlfield tag="008">830115s1981    cau      b    00000 eng  </marc:controlfield>
<marc:datafield tag="010" ind1=" " ind2=" "><marc:subfield code="a">   81209709 //r91</marc:subfield></marc:datafield><marc:datafield tag="020" ind1=" " ind2=" "><marc:subfield code="a">088312212X</marc:subfield></marc:datafield><marc:datafield tag="040" ind1=" " ind2=" "><marc:subfield code="a">DLC</marc:subfield><marc:subfield code="c">DLC</marc:subfield><marc:subfield code="d">DLC</marc:subfield><marc:subfield code="d">OCoLC</marc:subfield></marc:datafield><marc:datafield tag="050" ind1="0" ind2="0"><marc:subfield code="a">PL6621.K78</marc:subfield><marc:subfield code="b">A63 1981</marc:subfield></marc:datafield><marc:datafield tag="082" ind1="0" ind2="0"><marc:subfield code="a">499/.12</marc:subfield><marc:subfield code="2">19</marc:subfield></marc:datafield><marc:datafield tag="245" ind1="0" ind2="0"><marc:subfield code="a">Angan languages are different :</marc:subfield><marc:subfield code="b">four phonologies /</marc:subfield><marc:subfield code="c">edited by Phyllis M. Healey.</marc:subfield></marc:datafield><marc:datafield tag="260" ind1="0" ind2=" "><marc:subfield code="a">Huntington Beach, Calif. :</marc:subfield><marc:subfield code="b">Summer Institute of Linguistics,</marc:subfield><marc:subfield code="c">1981.</marc:subfield></marc:datafield><marc:datafield tag="300" ind1=" " ind2=" "><marc:subfield code="a">124 p. ;</marc:subfield><marc:subfield code="c">23 cm.</marc:subfield></marc:datafield><marc:datafield tag="440" ind1=" " ind2="0"><marc:subfield code="a">Language data.</marc:subfield><marc:subfield code="p">Asian-Pacific series ;</marc:subfield><marc:subfield code="v">no. 12</marc:subfield></marc:datafield><marc:datafield tag="500" ind1=" " ind2=" "><marc:subfield code="a">&quot;Language data microfiche AP 12.&quot;</marc:subfield></marc:datafield><marc:datafield tag="504" ind1=" " ind2=" "><marc:subfield code="a">Includes bibliographies.</marc:subfield></marc:datafield><marc:datafield tag="650" ind1=" " ind2="0"><marc:subfield code="a">Kukukuku languages</marc:subfield><marc:subfield code="x">Phonology.</marc:subfield></marc:datafield><marc:datafield tag="700" ind1="1" ind2="0"><marc:subfield code="a">Healey, Phyllis M.</marc:subfield></marc:datafield><marc:datafield tag="035" ind1=" " ind2=" "><marc:subfield code="a">(TxDaGIAL)37741100012213</marc:subfield></marc:datafield><marc:controlfield tag="005">20080624154422.0</marc:controlfield><marc:controlfield tag="001">429</marc:controlfield><marc:controlfield tag="003">TxDaGIAL</marc:controlfield><marc:datafield tag="852" ind1=" " ind2=" "><marc:subfield code="p">37741100012213</marc:subfield><marc:subfield code="a">Library</marc:subfield><marc:subfield code="x">COPYID:487</marc:subfield><marc:subfield code="x">FSC@aRegular@c19960703</marc:subfield><marc:subfield code="h">499.127 A581h 1981</marc:subfield><marc:subfield code="z">7261</marc:subfield></marc:datafield><marc:datafield tag="852" ind1=" " ind2=" "><marc:subfield code="p">37741100012214</marc:subfield><marc:subfield code="a">Library</marc:subfield><marc:subfield code="x">COPYID:488</marc:subfield><marc:subfield code="x">FSC@aRegular@c19960703</marc:subfield><marc:subfield code="h">499.127 A581h 1981</marc:subfield><marc:subfield code="z">7262</marc:subfield></marc:datafield><marc:datafield tag="852" ind1=" " ind2=" "><marc:subfield code="p">37741100023526</marc:subfield><marc:subfield code="a">Library</marc:subfield><marc:subfield code="9">$0.00</marc:subfield><marc:subfield code="x">FUND:GIFT</marc:subfield><marc:subfield code="x">COPYID:489</marc:subfield><marc:subfield code="x">FSC@aRegular@c19991109</marc:subfield><marc:subfield code="h">499.127 A581h 1981</marc:subfield><marc:subfield code="z">Gift 10-99</marc:subfield></marc:datafield></marc:record>