
<marc:record><marc:leader>01130cam a22002538a 4500</marc:leader>
<marc:controlfield tag="008">930820s1993    onc           001 0 eng  </marc:controlfield>
<marc:datafield tag="010" ind1=" " ind2=" "><marc:subfield code="a">   93021165</marc:subfield></marc:datafield><marc:datafield tag="020" ind1=" " ind2=" "><marc:subfield code="a">0838934315</marc:subfield></marc:datafield><marc:datafield tag="040" ind1=" " ind2=" "><marc:subfield code="a">DLC</marc:subfield><marc:subfield code="c">DLC</marc:subfield><marc:subfield code="d">DLC</marc:subfield><marc:subfield code="d">TxDaGIAL</marc:subfield></marc:datafield><marc:datafield tag="050" ind1="0" ind2="0"><marc:subfield code="a">Z694.15.A56</marc:subfield><marc:subfield code="b">A53 1988 Suppl.</marc:subfield></marc:datafield><marc:datafield tag="082" ind1="0" ind2="0"><marc:subfield code="a">025.3/2</marc:subfield><marc:subfield code="2">20</marc:subfield></marc:datafield><marc:datafield tag="130" ind1="0" ind2=" "><marc:subfield code="a">Anglo-American cataloguing rules.</marc:subfield><marc:subfield code="p">Amendments 1993.</marc:subfield></marc:datafield><marc:datafield tag="245" ind1="1" ind2="0"><marc:subfield code="a">Anglo-American cataloguing rules, second edition, 1988 revision.</marc:subfield><marc:subfield code="p">Amendments 1993 /</marc:subfield><marc:subfield code="c">prepared under the direction of the Joint Steering Committee for Revision of AACR, a committee of the American Library Association ... [et al.].</marc:subfield></marc:datafield><marc:datafield tag="260" ind1=" " ind2=" "><marc:subfield code="a">Ottawa :</marc:subfield><marc:subfield code="b">Canadian Library Association ;</marc:subfield><marc:subfield code="a">Chicago :</marc:subfield><marc:subfield code="b">American Library Association,</marc:subfield><marc:subfield code="c">1993.</marc:subfield></marc:datafield><marc:datafield tag="300" ind1=" " ind2=" "><marc:subfield code="a">22 p. + pages for interleaving.</marc:subfield></marc:datafield><marc:datafield tag="590" ind1=" " ind2=" "><marc:subfield code="a">Kept in cataloguing office.</marc:subfield></marc:datafield><marc:datafield tag="650" ind1=" " ind2="0"><marc:subfield code="a">Descriptive cataloging</marc:subfield><marc:subfield code="v">Rules.</marc:subfield></marc:datafield><marc:datafield tag="710" ind1="2" ind2="0"><marc:subfield code="a">Joint Steering Committee for Revision of AACR.</marc:subfield></marc:datafield><marc:datafield tag="710" ind1="2" ind2="0"><marc:subfield code="a">American Library Association.</marc:subfield></marc:datafield><marc:datafield tag="035" ind1=" " ind2=" "><marc:subfield code="a">(TxDaGIAL)37741100003454</marc:subfield></marc:datafield><marc:controlfield tag="005">20080624154422.0</marc:controlfield><marc:controlfield tag="001">432</marc:controlfield><marc:controlfield tag="003">TxDaGIAL</marc:controlfield><marc:datafield tag="852" ind1=" " ind2=" "><marc:subfield code="p">37741100003454</marc:subfield><marc:subfield code="a">Library</marc:subfield><marc:subfield code="9">$12.00</marc:subfield><marc:subfield code="x">COPYID:492</marc:subfield><marc:subfield code="x">FSC@aRegular@c19950414</marc:subfield><marc:subfield code="h">025.32 A589 1993</marc:subfield><marc:subfield code="z">2-94</marc:subfield></marc:datafield></marc:record>