
<marc:record><marc:leader>02659cam a2200325 a 4500</marc:leader>
<marc:controlfield tag="008">851011s1985    utua     b   s001 0 eng  </marc:controlfield>
<marc:datafield tag="010" ind1=" " ind2=" "><marc:subfield code="a">   85026345 //r943</marc:subfield></marc:datafield><marc:datafield tag="020" ind1=" " ind2=" "><marc:subfield code="a">0874802059 (pbk.) :</marc:subfield><marc:subfield code="c">$17.50</marc:subfield></marc:datafield><marc:datafield tag="040" ind1=" " ind2=" "><marc:subfield code="a">DLC</marc:subfield><marc:subfield code="c">DLC</marc:subfield><marc:subfield code="d">DLC</marc:subfield></marc:datafield><marc:datafield tag="043" ind1=" " ind2=" "><marc:subfield code="a">s------</marc:subfield></marc:datafield><marc:datafield tag="050" ind1="0" ind2="0"><marc:subfield code="a">F2230.1.E87</marc:subfield><marc:subfield code="b">A55 1985</marc:subfield></marc:datafield><marc:datafield tag="082" ind1="0" ind2="0"><marc:subfield code="a">398.2/45/098</marc:subfield><marc:subfield code="2">19</marc:subfield></marc:datafield><marc:datafield tag="245" ind1="0" ind2="0"><marc:subfield code="a">Animal myths and metaphors in South America /</marc:subfield><marc:subfield code="c">edited by Gary Urton.</marc:subfield></marc:datafield><marc:datafield tag="260" ind1="0" ind2=" "><marc:subfield code="a">Salt Lake City :</marc:subfield><marc:subfield code="b">University of Utah Press,</marc:subfield><marc:subfield code="c">c1985.</marc:subfield></marc:datafield><marc:datafield tag="300" ind1=" " ind2=" "><marc:subfield code="a">327 p. :</marc:subfield><marc:subfield code="b">ill. ;</marc:subfield><marc:subfield code="c">23 cm.</marc:subfield></marc:datafield><marc:datafield tag="504" ind1=" " ind2=" "><marc:subfield code="a">Includes bibliographies and index.</marc:subfield></marc:datafield><marc:datafield tag="505" ind1="0" ind2=" "><marc:subfield code="a">My Brother the Parrot / J. Christopher Crocker -- Animal Symbolism, Totemism and the Structure of Myth / Terence Turner -- Tapir Avoidance in the Colombian Northwest Amazon / Gerardo Reichel-Dolmatoff -- The House of the Swallow-Tailed Kite: Warao Myth and the Art of Thinking in Images / Johannes Wilbert -- The Lion in the City: Royal Symbols of Transition in Cuzco / R. Tom Zuidema -- Animal Metaphors and the Life Cycle in an Andean Community / Gary Urton -- The Metaphoric Process: &quot;From Culture to Nature and Back Again&quot; / Billie Jean Isbell.</marc:subfield></marc:datafield><marc:datafield tag="520" ind1=" " ind2=" "><marc:subfield code="a">What similarities and differences do humans see between themselves and animals? Why do people commonly make metaphorical comparisons between human beings or social groups and animals? And to what degree are people's attitudes and beliefs about animals parallel to or contingent upon their attitudes and beliefs about human beings and human society? This collection of articles by distinguished scholars edited by Gary Urton considers these issues--issues basic to any study of &quot;totemism&quot; or human and animal relationships.</marc:subfield></marc:datafield><marc:datafield tag="520" ind1="8" ind2=" "><marc:subfield code="a">The contributors to this anthology have not limited themselves to the notion that clans and moieties are the only sources and objects of metaphorical comparisons generated by conceived similarities and differences between humans and animals. They suggest a shift in perspective that has metaphorical comparisons generated by conceived similarities and differences between animals and particular types of human beings. With this shift of emphasis, a significantly different analytic focus in the study of human-animal relations is produced.</marc:subfield></marc:datafield><marc:datafield tag="650" ind1=" " ind2="0"><marc:subfield code="a">Indians of South America</marc:subfield><marc:subfield code="x">Ethnozoology.</marc:subfield></marc:datafield><marc:datafield tag="650" ind1=" " ind2="0"><marc:subfield code="a">Totemism</marc:subfield><marc:subfield code="z">South America.</marc:subfield></marc:datafield><marc:datafield tag="650" ind1=" " ind2="0"><marc:subfield code="a">Indian mythology</marc:subfield><marc:subfield code="z">South America.</marc:subfield></marc:datafield><marc:datafield tag="650" ind1=" " ind2="0"><marc:subfield code="a">Animals</marc:subfield><marc:subfield code="v">Folklore.</marc:subfield></marc:datafield><marc:datafield tag="650" ind1=" " ind2="0"><marc:subfield code="a">Folklore</marc:subfield><marc:subfield code="z">South America.</marc:subfield></marc:datafield><marc:datafield tag="700" ind1="1" ind2="0"><marc:subfield code="a">Urton, Gary,</marc:subfield><marc:subfield code="d">1946-</marc:subfield></marc:datafield><marc:datafield tag="035" ind1=" " ind2=" "><marc:subfield code="a">(TxDaGIAL)37741100009782</marc:subfield></marc:datafield><marc:controlfield tag="005">20080624154424.0</marc:controlfield><marc:controlfield tag="001">437</marc:controlfield><marc:controlfield tag="003">TxDaGIAL</marc:controlfield><marc:datafield tag="852" ind1=" " ind2=" "><marc:subfield code="p">37741100009782</marc:subfield><marc:subfield code="a">Library</marc:subfield><marc:subfield code="x">COPYID:497</marc:subfield><marc:subfield code="x">FSC@aRegular@c19951124</marc:subfield><marc:subfield code="h">398.245098 A598u 1985</marc:subfield><marc:subfield code="z">11888</marc:subfield></marc:datafield></marc:record>