
<marc:record><marc:leader>01028cam a2200265 a 4500</marc:leader>
<marc:controlfield tag="008">741028s1964    paua     b    001 0 eng  </marc:controlfield>
<marc:datafield tag="010" ind1=" " ind2=" "><marc:subfield code="a">   64011481</marc:subfield></marc:datafield><marc:datafield tag="035" ind1=" " ind2=" "><marc:subfield code="a">(OCoLC)1059112</marc:subfield></marc:datafield><marc:datafield tag="035" ind1=" " ind2=" "><marc:subfield code="a">MOHG1059112-B</marc:subfield></marc:datafield><marc:datafield tag="040" ind1=" " ind2=" "><marc:subfield code="a">DLC</marc:subfield><marc:subfield code="c">OCB</marc:subfield><marc:subfield code="d">m.c.</marc:subfield><marc:subfield code="d">OCoLC</marc:subfield><marc:subfield code="d">*SER*</marc:subfield><marc:subfield code="d">OCoLC</marc:subfield><marc:subfield code="d">MoKL</marc:subfield><marc:subfield code="d">CStRLIN</marc:subfield></marc:datafield><marc:datafield tag="100" ind1="1" ind2=" "><marc:subfield code="a">Pinney, Roy.</marc:subfield></marc:datafield><marc:datafield tag="245" ind1="1" ind2="4"><marc:subfield code="a">The animals in the Bible :</marc:subfield><marc:subfield code="b">the identity and natural history of all the animals mentioned in the Bible /</marc:subfield><marc:subfield code="c">by Roy Pinney; with a collection of photographs of living species taken in the Holy Land by the author.</marc:subfield></marc:datafield><marc:datafield tag="250" ind1=" " ind2=" "><marc:subfield code="a">1st ed.</marc:subfield></marc:datafield><marc:datafield tag="260" ind1=" " ind2=" "><marc:subfield code="a">Philadelphia :</marc:subfield><marc:subfield code="b">Chilton Books,</marc:subfield><marc:subfield code="c">c1964.</marc:subfield></marc:datafield><marc:datafield tag="300" ind1=" " ind2=" "><marc:subfield code="a">x, 227 p. :</marc:subfield><marc:subfield code="b">illus. ;</marc:subfield><marc:subfield code="c">24 cm.</marc:subfield></marc:datafield><marc:datafield tag="490" ind1="1" ind2=" "><marc:subfield code="a">Frontiers of knowledge series</marc:subfield></marc:datafield><marc:datafield tag="504" ind1=" " ind2=" "><marc:subfield code="a">Bibliography: p. 223.</marc:subfield></marc:datafield><marc:datafield tag="650" ind1=" " ind2="0"><marc:subfield code="a">Nature in the Bible.</marc:subfield></marc:datafield><marc:datafield tag="650" ind1=" " ind2="0"><marc:subfield code="a">Zoology</marc:subfield><marc:subfield code="z">Palestine.</marc:subfield></marc:datafield><marc:datafield tag="830" ind1=" " ind2="0"><marc:subfield code="a">Frontiers of knowledge series.</marc:subfield></marc:datafield><marc:datafield tag="035" ind1=" " ind2=" "><marc:subfield code="a">(TxDaGIAL)37741100013366</marc:subfield></marc:datafield><marc:controlfield tag="005">20080624154424.0</marc:controlfield><marc:controlfield tag="001">438</marc:controlfield><marc:controlfield tag="003">TxDaGIAL</marc:controlfield><marc:datafield tag="852" ind1=" " ind2=" "><marc:subfield code="p">37741100013366</marc:subfield><marc:subfield code="a">Library</marc:subfield><marc:subfield code="x">COPYID:498</marc:subfield><marc:subfield code="x">FSC@aRegular@c19961017</marc:subfield><marc:subfield code="h">220.859 P656a 1964</marc:subfield><marc:subfield code="z">7480</marc:subfield></marc:datafield></marc:record>