
<marc:record><marc:leader>00985cam a2200241Ii 4500</marc:leader>
<marc:controlfield tag="008">740819s1939    nyuaf         000 0 engm </marc:controlfield>
<marc:datafield tag="010" ind1=" " ind2=" "><marc:subfield code="a">39033977</marc:subfield></marc:datafield><marc:datafield tag="040" ind1=" " ind2=" "><marc:subfield code="a">DLC</marc:subfield><marc:subfield code="c">HRM</marc:subfield><marc:subfield code="d">OCL</marc:subfield><marc:subfield code="d">m.c.</marc:subfield><marc:subfield code="d">SER</marc:subfield></marc:datafield><marc:datafield tag="041" ind1="1" ind2=" "><marc:subfield code="a">engrus</marc:subfield></marc:datafield><marc:datafield tag="050" ind1=" " ind2=" "><marc:subfield code="a">PG3366.A6</marc:subfield><marc:subfield code="b">G35</marc:subfield></marc:datafield><marc:datafield tag="100" ind1="1" ind2=" "><marc:subfield code="a">Tolstoy, Leo,</marc:subfield><marc:subfield code="c">graf,</marc:subfield><marc:subfield code="d">1828-1910.</marc:subfield></marc:datafield><marc:datafield tag="245" ind1="1" ind2="0"><marc:subfield code="a">Anna Karenina /</marc:subfield><marc:subfield code="c">by Leo Tolstoy; translated from the Russian by Constance Garnett, with an introductory essay by Thomas Mann and illustrations by Philip Reisman.</marc:subfield></marc:datafield><marc:datafield tag="260" ind1=" " ind2=" "><marc:subfield code="a">New York :</marc:subfield><marc:subfield code="b">Random House,</marc:subfield><marc:subfield code="c">1939.</marc:subfield></marc:datafield><marc:datafield tag="300" ind1=" " ind2=" "><marc:subfield code="a">2 v. :</marc:subfield><marc:subfield code="b">illus., col. plates. ;</marc:subfield><marc:subfield code="c">22 cm.</marc:subfield></marc:datafield><marc:datafield tag="700" ind1="1" ind2="1"><marc:subfield code="a">Garnett, Constance Black,</marc:subfield><marc:subfield code="d">1862-1946.</marc:subfield></marc:datafield><marc:datafield tag="700" ind1="1" ind2="0"><marc:subfield code="a">Mann, Thomas,</marc:subfield><marc:subfield code="d">1875-1955.</marc:subfield></marc:datafield><marc:datafield tag="700" ind1="1" ind2="1"><marc:subfield code="a">Reisman, Philip,</marc:subfield><marc:subfield code="d">1904-</marc:subfield></marc:datafield><marc:datafield tag="035" ind1=" " ind2=" "><marc:subfield code="a">(TxDaGIAL)37741100017103</marc:subfield></marc:datafield><marc:controlfield tag="005">20080624154425.0</marc:controlfield><marc:controlfield tag="001">439</marc:controlfield><marc:controlfield tag="003">TxDaGIAL</marc:controlfield><marc:datafield tag="852" ind1=" " ind2=" "><marc:subfield code="p">37741100017103</marc:subfield><marc:subfield code="a">Library</marc:subfield><marc:subfield code="x">COPYID:499</marc:subfield><marc:subfield code="x">FSC@aRegular@c19970424</marc:subfield><marc:subfield code="h">891.7 T654a vol.1 1939</marc:subfield><marc:subfield code="z">1243</marc:subfield></marc:datafield><marc:datafield tag="852" ind1=" " ind2=" "><marc:subfield code="p">37741100017104</marc:subfield><marc:subfield code="a">Library</marc:subfield><marc:subfield code="x">COPYID:500</marc:subfield><marc:subfield code="x">FSC@aRegular@c19970424</marc:subfield><marc:subfield code="h">891.7 T654a vol.2 1939</marc:subfield><marc:subfield code="z">1244</marc:subfield></marc:datafield></marc:record>