
<marc:record><marc:leader>00965cam a2200253 i 4500</marc:leader>
<marc:controlfield tag="008">810227s1955    dcu      b    00000 eng  </marc:controlfield>
<marc:datafield tag="010" ind1=" " ind2=" "><marc:subfield code="a">e  55000222</marc:subfield></marc:datafield><marc:datafield tag="035" ind1=" " ind2=" "><marc:subfield code="a">(CU-UC)3886863</marc:subfield></marc:datafield><marc:datafield tag="040" ind1=" " ind2=" "><marc:subfield code="a">DLC</marc:subfield><marc:subfield code="c">CarP</marc:subfield></marc:datafield><marc:datafield tag="050" ind1="0" ind2=" "><marc:subfield code="a">L111</marc:subfield><marc:subfield code="b">.A6 1955, no. 3</marc:subfield></marc:datafield><marc:datafield tag="100" ind1="1" ind2="0"><marc:subfield code="a">Lado, Robert,</marc:subfield><marc:subfield code="d">1915-</marc:subfield></marc:datafield><marc:datafield tag="245" ind1="1" ind2="0"><marc:subfield code="a">Annotated bibliography for teachers of English as a foreign language.</marc:subfield></marc:datafield><marc:datafield tag="260" ind1="0" ind2=" "><marc:subfield code="a">Washington :</marc:subfield><marc:subfield code="b">U. S. Govt. Print. Off.,</marc:subfield><marc:subfield code="c">1955.</marc:subfield></marc:datafield><marc:datafield tag="300" ind1=" " ind2=" "><marc:subfield code="a">vii, 224 p. cm. ;</marc:subfield><marc:subfield code="c">24 cm.</marc:subfield></marc:datafield><marc:datafield tag="546" ind1=" " ind2=" "><marc:subfield code="a">English.</marc:subfield></marc:datafield><marc:datafield tag="650" ind1=" " ind2="0"><marc:subfield code="a">English language</marc:subfield><marc:subfield code="x">Study and teaching</marc:subfield><marc:subfield code="v">Bibliography.</marc:subfield></marc:datafield><marc:datafield tag="650" ind1=" " ind2="0"><marc:subfield code="a">English language</marc:subfield><marc:subfield code="v">Textbooks for foreign speakers</marc:subfield><marc:subfield code="v">Bibliography.</marc:subfield></marc:datafield><marc:datafield tag="740" ind1="0" ind2="1"><marc:subfield code="a">Bibliography for teachers of English as a foreign language.</marc:subfield></marc:datafield><marc:datafield tag="830" ind1=" " ind2="0"><marc:subfield code="a">Bulletin (United States. Office of Education) ;</marc:subfield><marc:subfield code="v">1955, no. 3.</marc:subfield></marc:datafield><marc:datafield tag="035" ind1=" " ind2=" "><marc:subfield code="a">(TxDaGIAL)37741100018143</marc:subfield></marc:datafield><marc:controlfield tag="005">20080624154425.0</marc:controlfield><marc:controlfield tag="001">441</marc:controlfield><marc:controlfield tag="003">TxDaGIAL</marc:controlfield><marc:datafield tag="852" ind1=" " ind2=" "><marc:subfield code="p">37741100018143</marc:subfield><marc:subfield code="a">Library</marc:subfield><marc:subfield code="x">COPYID:502</marc:subfield><marc:subfield code="x">FSC@aRegular@c19970522</marc:subfield><marc:subfield code="h">016.428 L156a 1955</marc:subfield><marc:subfield code="z">1191</marc:subfield></marc:datafield></marc:record>