
<marc:record><marc:leader>00665nam a2200169 a 4500</marc:leader>
<marc:controlfield tag="008">970724s1979    nmu           000 0 eng d</marc:controlfield>
<marc:datafield tag="040" ind1=" " ind2=" "><marc:subfield code="a">TxDaGIAL</marc:subfield><marc:subfield code="c">TxDaGIAL</marc:subfield></marc:datafield><marc:datafield tag="100" ind1="1" ind2=" "><marc:subfield code="a">Gonzales, Joe R.</marc:subfield></marc:datafield><marc:datafield tag="245" ind1="1" ind2="3"><marc:subfield code="a">An annotated bibliography of bilingual education materials /</marc:subfield><marc:subfield code="c">compiled by Joe R. Gonzales.</marc:subfield></marc:datafield><marc:datafield tag="260" ind1=" " ind2=" "><marc:subfield code="a">Albuquerque, N.M. :</marc:subfield><marc:subfield code="b">American Indian Bilingual Education Center; University of New Mexico,</marc:subfield><marc:subfield code="c">1979.</marc:subfield></marc:datafield><marc:datafield tag="300" ind1=" " ind2=" "><marc:subfield code="a">vii, 70 p. ;</marc:subfield><marc:subfield code="c">28 cm.</marc:subfield></marc:datafield><marc:datafield tag="650" ind1=" " ind2="0"><marc:subfield code="a">Education, Bilingual</marc:subfield><marc:subfield code="v">Bibliography.</marc:subfield></marc:datafield><marc:datafield tag="035" ind1=" " ind2=" "><marc:subfield code="a">(TxDaGIAL)37741100019258</marc:subfield></marc:datafield><marc:controlfield tag="005">20080624154425.0</marc:controlfield><marc:controlfield tag="001">442</marc:controlfield><marc:controlfield tag="003">TxDaGIAL</marc:controlfield><marc:datafield tag="852" ind1=" " ind2=" "><marc:subfield code="p">37741100019258</marc:subfield><marc:subfield code="a">Library</marc:subfield><marc:subfield code="x">COPYID:503</marc:subfield><marc:subfield code="x">FSC@aRegular@c19970725</marc:subfield><marc:subfield code="h">016.371 G643 1979</marc:subfield><marc:subfield code="z">8719</marc:subfield></marc:datafield></marc:record>