
<marc:record><marc:leader>00934cam a2200277 i 4500</marc:leader>
<marc:controlfield tag="008">790416s1977    nz       b    00110 eng  </marc:controlfield>
<marc:datafield tag="010" ind1=" " ind2=" "><marc:subfield code="a">   79302780 /MN/r884</marc:subfield></marc:datafield><marc:datafield tag="015" ind1=" " ind2=" "><marc:subfield code="a">NZ***</marc:subfield></marc:datafield><marc:datafield tag="040" ind1=" " ind2=" "><marc:subfield code="a">DLC</marc:subfield><marc:subfield code="c">DLC</marc:subfield></marc:datafield><marc:datafield tag="043" ind1=" " ind2=" "><marc:subfield code="a">po-----</marc:subfield></marc:datafield><marc:datafield tag="050" ind1="0" ind2=" "><marc:subfield code="a">ML120.O3</marc:subfield><marc:subfield code="b">M2</marc:subfield></marc:datafield><marc:datafield tag="082" ind1=" " ind2=" "><marc:subfield code="a">016.78/099</marc:subfield></marc:datafield><marc:datafield tag="100" ind1="1" ind2="0"><marc:subfield code="a">McLean, Mervyn.</marc:subfield></marc:datafield><marc:datafield tag="245" ind1="1" ind2="3"><marc:subfield code="a">An annotated bibliography of Oceanic music and dance /</marc:subfield><marc:subfield code="c">Mervyn McLean.</marc:subfield></marc:datafield><marc:datafield tag="260" ind1="0" ind2=" "><marc:subfield code="a">Wellington [N.Z.] :</marc:subfield><marc:subfield code="b">Polynesian Society,</marc:subfield><marc:subfield code="c">1977.</marc:subfield></marc:datafield><marc:datafield tag="300" ind1=" " ind2=" "><marc:subfield code="a">252 p. ;</marc:subfield><marc:subfield code="c">21 cm.</marc:subfield></marc:datafield><marc:datafield tag="490" ind1="1" ind2=" "><marc:subfield code="a">Memoir - [Polynesian Society] ; no. 41</marc:subfield></marc:datafield><marc:datafield tag="500" ind1=" " ind2=" "><marc:subfield code="a">Includes index.</marc:subfield></marc:datafield><marc:datafield tag="650" ind1=" " ind2="0"><marc:subfield code="a">Music</marc:subfield><marc:subfield code="z">Oceania</marc:subfield><marc:subfield code="x">History and criticism</marc:subfield><marc:subfield code="v">Bibliography.</marc:subfield></marc:datafield><marc:datafield tag="650" ind1=" " ind2="0"><marc:subfield code="a">Dance</marc:subfield><marc:subfield code="z">Oceania</marc:subfield><marc:subfield code="v">Bibliography.</marc:subfield></marc:datafield><marc:datafield tag="830" ind1=" " ind2="0"><marc:subfield code="a">Memoirs of the Polynesian Society ;</marc:subfield><marc:subfield code="v">vol. 41.</marc:subfield></marc:datafield><marc:datafield tag="035" ind1=" " ind2=" "><marc:subfield code="a">(TxDaGIAL)37741100007910</marc:subfield></marc:datafield><marc:controlfield tag="005">20080624154425.0</marc:controlfield><marc:controlfield tag="001">443</marc:controlfield><marc:controlfield tag="003">TxDaGIAL</marc:controlfield><marc:datafield tag="852" ind1=" " ind2=" "><marc:subfield code="p">37741100007910</marc:subfield><marc:subfield code="a">Library</marc:subfield><marc:subfield code="x">COPYID:504</marc:subfield><marc:subfield code="x">FSC@aRegular@c19950911</marc:subfield><marc:subfield code="h">016.78099 M163a 1977</marc:subfield><marc:subfield code="z">2090</marc:subfield></marc:datafield></marc:record>