
<marc:record><marc:leader>01010cam a2200229 i 4500</marc:leader>
<marc:controlfield tag="008">720814s1971    txu      b    00110 eng  </marc:controlfield>
<marc:datafield tag="010" ind1=" " ind2=" "><marc:subfield code="a">   72180680 //r89</marc:subfield></marc:datafield><marc:datafield tag="040" ind1=" " ind2=" "><marc:subfield code="a">DLC</marc:subfield><marc:subfield code="c">DLC</marc:subfield><marc:subfield code="d">TxDaGIAL</marc:subfield></marc:datafield><marc:datafield tag="050" ind1="0" ind2=" "><marc:subfield code="a">P1</marc:subfield><marc:subfield code="b">.S782 no. 12</marc:subfield><marc:subfield code="a">Z8884.87</marc:subfield></marc:datafield><marc:datafield tag="082" ind1=" " ind2=" "><marc:subfield code="a">410/.8 s</marc:subfield><marc:subfield code="a">016.410/92/4</marc:subfield></marc:datafield><marc:datafield tag="100" ind1="1" ind2="0"><marc:subfield code="a">Trager, Felicia Harben,</marc:subfield><marc:subfield code="d">1930-</marc:subfield></marc:datafield><marc:datafield tag="245" ind1="1" ind2="3"><marc:subfield code="a">An annotated bibliography of the publications and writings of George L. Trager through 1970. /</marc:subfield><marc:subfield code="c">Felicia Harben Trager, editor.</marc:subfield></marc:datafield><marc:datafield tag="260" ind1="0" ind2=" "><marc:subfield code="a">Dallas :</marc:subfield><marc:subfield code="b">Dept. of Anthropology, Southern Methodist University,</marc:subfield><marc:subfield code="c">1971.</marc:subfield></marc:datafield><marc:datafield tag="300" ind1=" " ind2=" "><marc:subfield code="a">37 p. ;</marc:subfield><marc:subfield code="c">23 cm.</marc:subfield></marc:datafield><marc:datafield tag="490" ind1="1" ind2=" "><marc:subfield code="a">Studies in linguistics. Occasional papers ;</marc:subfield><marc:subfield code="v">12</marc:subfield></marc:datafield><marc:datafield tag="600" ind1="1" ind2="0"><marc:subfield code="a">Trager, George L.</marc:subfield><marc:subfield code="q">(George Leonard),</marc:subfield><marc:subfield code="d">1906-</marc:subfield><marc:subfield code="v">Bibliography.</marc:subfield></marc:datafield><marc:datafield tag="830" ind1=" " ind2="0"><marc:subfield code="a">Studies in linguistics. Supplement. Occasional papers ;</marc:subfield><marc:subfield code="v">12.</marc:subfield></marc:datafield><marc:datafield tag="035" ind1=" " ind2=" "><marc:subfield code="a">(TxDaGIAL)37741100006432</marc:subfield></marc:datafield><marc:controlfield tag="005">20080624154425.0</marc:controlfield><marc:controlfield tag="001">444</marc:controlfield><marc:controlfield tag="003">TxDaGIAL</marc:controlfield><marc:datafield tag="852" ind1=" " ind2=" "><marc:subfield code="p">37741100006432</marc:subfield><marc:subfield code="a">Library</marc:subfield><marc:subfield code="b">Kenneth L. Pike Coll</marc:subfield><marc:subfield code="x">COPYID:505</marc:subfield><marc:subfield code="x">FSC@aRegular@c19950807</marc:subfield><marc:subfield code="h">016.410924 T765a 1971</marc:subfield><marc:subfield code="z">Kenneth L. Pike gift 3-95</marc:subfield></marc:datafield></marc:record>