
<marc:record><marc:leader>01123cam a2200289 a 4500</marc:leader>
<marc:controlfield tag="008">930312s1990    ne       b    001 0 eng  </marc:controlfield>
<marc:datafield tag="010" ind1=" " ind2=" "><marc:subfield code="a">   93125768 //r94</marc:subfield></marc:datafield><marc:datafield tag="020" ind1=" " ind2=" "><marc:subfield code="a">9067180238</marc:subfield></marc:datafield><marc:datafield tag="040" ind1=" " ind2=" "><marc:subfield code="a">DLC</marc:subfield><marc:subfield code="c">DLC</marc:subfield><marc:subfield code="d">DLC</marc:subfield></marc:datafield><marc:datafield tag="043" ind1=" " ind2=" "><marc:subfield code="a">a-io---</marc:subfield></marc:datafield><marc:datafield tag="050" ind1="0" ind2="0"><marc:subfield code="a">Z3271.A1</marc:subfield><marc:subfield code="b">K46 1990</marc:subfield><marc:subfield code="a">DS615</marc:subfield></marc:datafield><marc:datafield tag="082" ind1="0" ind2="0"><marc:subfield code="a">016.0169598</marc:subfield><marc:subfield code="2">20</marc:subfield></marc:datafield><marc:datafield tag="100" ind1="1" ind2=" "><marc:subfield code="a">Kemp, Herman C.</marc:subfield></marc:datafield><marc:datafield tag="245" ind1="1" ind2="0"><marc:subfield code="a">Annotated bibliography of bibliographies on Indonesia /</marc:subfield><marc:subfield code="c">Herman C. Kemp.</marc:subfield></marc:datafield><marc:datafield tag="260" ind1=" " ind2=" "><marc:subfield code="a">Leiden, The Netherlands :</marc:subfield><marc:subfield code="b">KITLV Press,</marc:subfield><marc:subfield code="c">1990.</marc:subfield></marc:datafield><marc:datafield tag="300" ind1=" " ind2=" "><marc:subfield code="a">xvii, 433 p. ;</marc:subfield><marc:subfield code="c">24 cm.</marc:subfield></marc:datafield><marc:datafield tag="490" ind1="1" ind2=" "><marc:subfield code="a">Bibliographical series ;</marc:subfield><marc:subfield code="v">17</marc:subfield></marc:datafield><marc:datafield tag="504" ind1=" " ind2=" "><marc:subfield code="a">Includes bibligraphical references (p. [xv]-xvii) and indexes.</marc:subfield></marc:datafield><marc:datafield tag="650" ind1=" " ind2="0"><marc:subfield code="a">Bibliography of bibliographies</marc:subfield><marc:subfield code="z">Indonesia.</marc:subfield></marc:datafield><marc:datafield tag="650" ind1=" " ind2="0"><marc:subfield code="a">Bibliographical literature</marc:subfield><marc:subfield code="v">Bibliography</marc:subfield><marc:subfield code="z">Indonesia.</marc:subfield></marc:datafield><marc:datafield tag="651" ind1=" " ind2="0"><marc:subfield code="a">Indonesia</marc:subfield><marc:subfield code="v">Bibliography.</marc:subfield></marc:datafield><marc:datafield tag="830" ind1=" " ind2="0"><marc:subfield code="a">Bibliographical series (Koninklijk Instituut voor Taal-, Land- en Volkenkunde (Netherlands)) ;</marc:subfield><marc:subfield code="v">17.</marc:subfield></marc:datafield><marc:datafield tag="035" ind1=" " ind2=" "><marc:subfield code="a">(TxDaGIAL)37741100011436</marc:subfield></marc:datafield><marc:controlfield tag="005">20080624154426.0</marc:controlfield><marc:controlfield tag="001">446</marc:controlfield><marc:controlfield tag="003">TxDaGIAL</marc:controlfield><marc:datafield tag="852" ind1=" " ind2=" "><marc:subfield code="p">37741100011436</marc:subfield><marc:subfield code="a">Library</marc:subfield><marc:subfield code="9">$39.50</marc:subfield><marc:subfield code="x">COPYID:507</marc:subfield><marc:subfield code="x">FSC@aRegular@c19960515</marc:subfield><marc:subfield code="h">016.9598 K32 1990</marc:subfield><marc:subfield code="z">Cellar 1-93</marc:subfield></marc:datafield></marc:record>