
<marc:record><marc:leader>00560nam a22001695a 4500</marc:leader>
<marc:controlfield tag="008">970522s1991    xxu           000 0 eng d</marc:controlfield>
<marc:datafield tag="040" ind1=" " ind2=" "><marc:subfield code="a">TxDaGIAL</marc:subfield><marc:subfield code="c">TxDaGIAL</marc:subfield></marc:datafield><marc:datafield tag="100" ind1="1" ind2=" "><marc:subfield code="a">Wingate, J. Douglas.</marc:subfield></marc:datafield><marc:datafield tag="245" ind1="1" ind2="0"><marc:subfield code="a">Annotated bibliography of pragmatics /</marc:subfield><marc:subfield code="c">J. Douglas Wingate.</marc:subfield></marc:datafield><marc:datafield tag="260" ind1=" " ind2=" "><marc:subfield code="c">1991.</marc:subfield></marc:datafield><marc:datafield tag="300" ind1=" " ind2=" "><marc:subfield code="a">30 leaves ;</marc:subfield><marc:subfield code="c">28 cm.</marc:subfield></marc:datafield><marc:datafield tag="650" ind1=" " ind2="0"><marc:subfield code="a">Pragmatics</marc:subfield><marc:subfield code="v">Bibliography.</marc:subfield></marc:datafield><marc:datafield tag="035" ind1=" " ind2=" "><marc:subfield code="a">(TxDaGIAL)37741100017837</marc:subfield></marc:datafield><marc:controlfield tag="005">20080624154426.0</marc:controlfield><marc:controlfield tag="001">447</marc:controlfield><marc:controlfield tag="003">TxDaGIAL</marc:controlfield><marc:datafield tag="852" ind1=" " ind2=" "><marc:subfield code="p">37741100017837</marc:subfield><marc:subfield code="a">Library</marc:subfield><marc:subfield code="9">$0.00</marc:subfield><marc:subfield code="x">COPYID:508</marc:subfield><marc:subfield code="x">FSC@aRegular@c19970521</marc:subfield><marc:subfield code="h">016.41 W769a 1991</marc:subfield><marc:subfield code="z">ling. coord. gift 1997</marc:subfield></marc:datafield></marc:record>