
<marc:record><marc:leader>00957Qam a2200241Ia 4500</marc:leader>
<marc:controlfield tag="008">781201s1978    inu      b    000 0 eng d</marc:controlfield>
<marc:datafield tag="035" ind1=" " ind2=" "><marc:subfield code="a">(CU-UC)332362</marc:subfield></marc:datafield><marc:datafield tag="040" ind1=" " ind2=" "><marc:subfield code="a">LRU</marc:subfield><marc:subfield code="c">LRU</marc:subfield><marc:subfield code="d">CU-SC</marc:subfield></marc:datafield><marc:datafield tag="100" ind1="1" ind2=" "><marc:subfield code="a">Nuessel, Frank H.</marc:subfield></marc:datafield><marc:datafield tag="245" ind1="1" ind2="3"><marc:subfield code="a">An annotated, critical bibliography of generative-based grammatical analyses of Spanish :</marc:subfield><marc:subfield code="b">phonology and morphology /</marc:subfield><marc:subfield code="c">Frank H. Nuessel, Jr.</marc:subfield></marc:datafield><marc:datafield tag="260" ind1=" " ind2=" "><marc:subfield code="a">Bloomington :</marc:subfield><marc:subfield code="b">Indiana University Linguistics Club,</marc:subfield><marc:subfield code="c">1978.</marc:subfield></marc:datafield><marc:datafield tag="300" ind1=" " ind2=" "><marc:subfield code="a">iii, [1], 50 p. ;</marc:subfield><marc:subfield code="c">28 cm.</marc:subfield></marc:datafield><marc:datafield tag="504" ind1=" " ind2=" "><marc:subfield code="a">Bibliography: p. [iv].</marc:subfield></marc:datafield><marc:datafield tag="546" ind1=" " ind2=" "><marc:subfield code="a">English.</marc:subfield></marc:datafield><marc:datafield tag="650" ind1=" " ind2="0"><marc:subfield code="a">Spanish language</marc:subfield><marc:subfield code="x">Grammar, Generative</marc:subfield><marc:subfield code="v">Bibliography.</marc:subfield></marc:datafield><marc:datafield tag="650" ind1=" " ind2="0"><marc:subfield code="a">Spanish language</marc:subfield><marc:subfield code="x">Phonology</marc:subfield><marc:subfield code="v">Bibliography.</marc:subfield></marc:datafield><marc:datafield tag="650" ind1=" " ind2="0"><marc:subfield code="a">Spanish language</marc:subfield><marc:subfield code="x">Morphology</marc:subfield><marc:subfield code="v">Bibliography.</marc:subfield></marc:datafield><marc:datafield tag="710" ind1="2" ind2="0"><marc:subfield code="a">Indiana University Linguistics Club.</marc:subfield></marc:datafield><marc:datafield tag="035" ind1=" " ind2=" "><marc:subfield code="a">(TxDaGIAL)37741100015455</marc:subfield></marc:datafield><marc:controlfield tag="005">20080624154426.0</marc:controlfield><marc:controlfield tag="001">448</marc:controlfield><marc:controlfield tag="003">TxDaGIAL</marc:controlfield><marc:datafield tag="852" ind1=" " ind2=" "><marc:subfield code="p">37741100015455</marc:subfield><marc:subfield code="a">Library</marc:subfield><marc:subfield code="x">COPYID:509</marc:subfield><marc:subfield code="x">FSC@aRegular@c19970226</marc:subfield><marc:subfield code="h">016.465 N964a 1978</marc:subfield></marc:datafield></marc:record>