
<marc:record><marc:leader>01110cas a2200373   4500</marc:leader>
<marc:controlfield tag="008">760108c19759999cauar1        0   a0eng  </marc:controlfield>
<marc:datafield tag="010" ind1=" " ind2=" "><marc:subfield code="a">   75648500</marc:subfield></marc:datafield><marc:datafield tag="022" ind1="0" ind2=" "><marc:subfield code="a">0360-0572</marc:subfield></marc:datafield><marc:datafield tag="030" ind1=" " ind2=" "><marc:subfield code="a">ARVSDB</marc:subfield></marc:datafield><marc:datafield tag="035" ind1=" " ind2=" "><marc:subfield code="a">(OCoLC)2244366</marc:subfield></marc:datafield><marc:datafield tag="035" ind1=" " ind2=" "><marc:subfield code="a">(DNLM)A54350000(s)</marc:subfield></marc:datafield><marc:datafield tag="040" ind1=" " ind2=" "><marc:subfield code="a">DLC</marc:subfield><marc:subfield code="c">DLC</marc:subfield><marc:subfield code="d">OCoLC</marc:subfield></marc:datafield><marc:datafield tag="042" ind1=" " ind2=" "><marc:subfield code="a">lc</marc:subfield><marc:subfield code="a">nsdp</marc:subfield></marc:datafield><marc:datafield tag="050" ind1="0" ind2="0"><marc:subfield code="a">HM1</marc:subfield><marc:subfield code="b">.A763</marc:subfield></marc:datafield><marc:datafield tag="060" ind1="0" ind2=" "><marc:subfield code="a">W1 AN7798</marc:subfield></marc:datafield><marc:datafield tag="082" ind1=" " ind2=" "><marc:subfield code="a">301/.05</marc:subfield></marc:datafield><marc:datafield tag="210" ind1="0" ind2=" "><marc:subfield code="a">Annu. rev. sociology.</marc:subfield></marc:datafield><marc:datafield tag="222" ind1=" " ind2="0"><marc:subfield code="a">Annual review of sociology.</marc:subfield></marc:datafield><marc:datafield tag="245" ind1="0" ind2="0"><marc:subfield code="a">Annual review of sociology.</marc:subfield></marc:datafield><marc:datafield tag="260" ind1=" " ind2=" "><marc:subfield code="a">Palo Alto, Calif. :</marc:subfield><marc:subfield code="b">Annual Reviews Inc.</marc:subfield></marc:datafield><marc:datafield tag="265" ind1=" " ind2=" "><marc:subfield code="a">4139 El Camino Way, 94306.</marc:subfield></marc:datafield><marc:datafield tag="300" ind1=" " ind2=" "><marc:subfield code="a">v. 7 ;</marc:subfield><marc:subfield code="c">22 cm.</marc:subfield></marc:datafield><marc:datafield tag="310" ind1=" " ind2=" "><marc:subfield code="a">Annual</marc:subfield></marc:datafield><marc:datafield tag="362" ind1="0" ind2=" "><marc:subfield code="a">v. 1-   1975-</marc:subfield></marc:datafield><marc:datafield tag="510" ind1="1" ind2=" "><marc:subfield code="a">Sociological abstracts</marc:subfield><marc:subfield code="x">0038-0202.</marc:subfield></marc:datafield><marc:datafield tag="510" ind1="1" ind2=" "><marc:subfield code="a">Social sciences index</marc:subfield><marc:subfield code="x">0094-4920.</marc:subfield></marc:datafield><marc:datafield tag="510" ind1="2" ind2=" "><marc:subfield code="a">Biological abstracts</marc:subfield><marc:subfield code="x">0006-3169.</marc:subfield></marc:datafield><marc:datafield tag="510" ind1="2" ind2=" "><marc:subfield code="a">Psychological abstracts</marc:subfield><marc:subfield code="x">0033-2887</marc:subfield><marc:subfield code="b">1975-</marc:subfield></marc:datafield><marc:datafield tag="650" ind1=" " ind2="0"><marc:subfield code="a">Sociology</marc:subfield><marc:subfield code="v">Periodicals.</marc:subfield></marc:datafield><marc:datafield tag="035" ind1=" " ind2=" "><marc:subfield code="a">(TxDaGIAL)37741100001030</marc:subfield></marc:datafield><marc:controlfield tag="005">20080624154426.0</marc:controlfield><marc:controlfield tag="001">449</marc:controlfield><marc:controlfield tag="003">TxDaGIAL</marc:controlfield><marc:datafield tag="852" ind1=" " ind2=" "><marc:subfield code="p">37741100001030</marc:subfield><marc:subfield code="a">Library</marc:subfield><marc:subfield code="x">COPYID:510</marc:subfield><marc:subfield code="x">FSC@aRegular@c19950123</marc:subfield><marc:subfield code="h">301.05 A615</marc:subfield></marc:datafield></marc:record>