
<marc:record><marc:leader>01283cam a2200301 a 4500</marc:leader>
<marc:controlfield tag="008">940127s1994    miu      b    100 0 eng  </marc:controlfield>
<marc:datafield tag="010" ind1=" " ind2=" "><marc:subfield code="a">   94005459</marc:subfield></marc:datafield><marc:datafield tag="020" ind1=" " ind2=" "><marc:subfield code="a">0930042735 :</marc:subfield><marc:subfield code="c">$16.00</marc:subfield></marc:datafield><marc:datafield tag="040" ind1=" " ind2=" "><marc:subfield code="a">DLC</marc:subfield><marc:subfield code="c">DLC</marc:subfield><marc:subfield code="d">DLC</marc:subfield></marc:datafield><marc:datafield tag="050" ind1="0" ind2="0"><marc:subfield code="a">PG13</marc:subfield><marc:subfield code="b">.M46 no. 35</marc:subfield><marc:subfield code="a">PG201</marc:subfield></marc:datafield><marc:datafield tag="082" ind1="0" ind2="0"><marc:subfield code="a">491.8</marc:subfield><marc:subfield code="2">20</marc:subfield></marc:datafield><marc:datafield tag="111" ind1="2" ind2=" "><marc:subfield code="a">Workshop on Formal Approaches to Slavic Linguistics</marc:subfield><marc:subfield code="d">(1992 :</marc:subfield><marc:subfield code="c">Ann Arbor, Mich.)</marc:subfield></marc:datafield><marc:datafield tag="245" ind1="1" ind2="0"><marc:subfield code="a">Annual Workshop on Formal Approaches to Slavic Linguistics :</marc:subfield><marc:subfield code="b">the Ann Arbor meeting : functional categories in Slavic syntax /</marc:subfield><marc:subfield code="c">edited by Jindich Toman.</marc:subfield></marc:datafield><marc:datafield tag="260" ind1=" " ind2=" "><marc:subfield code="a">Ann Arbor :</marc:subfield><marc:subfield code="b">Michigan Slavic Publications,</marc:subfield><marc:subfield code="c">1994.</marc:subfield></marc:datafield><marc:datafield tag="300" ind1=" " ind2=" "><marc:subfield code="a">181 p. ;</marc:subfield><marc:subfield code="c">23 cm.</marc:subfield></marc:datafield><marc:datafield tag="490" ind1="1" ind2=" "><marc:subfield code="a">Michigan Slavic materials ;</marc:subfield><marc:subfield code="v">v. 35</marc:subfield></marc:datafield><marc:datafield tag="500" ind1=" " ind2=" "><marc:subfield code="a">Cover title: Formal approaches to Slavic linguistics.</marc:subfield></marc:datafield><marc:datafield tag="504" ind1=" " ind2=" "><marc:subfield code="a">Includes bibliographical references.</marc:subfield></marc:datafield><marc:datafield tag="650" ind1=" " ind2="0"><marc:subfield code="a">Slavic languages</marc:subfield><marc:subfield code="x">Syntax</marc:subfield><marc:subfield code="v">Congresses.</marc:subfield></marc:datafield><marc:datafield tag="650" ind1=" " ind2="0"><marc:subfield code="a">Slavic languages</marc:subfield><marc:subfield code="x">Grammatical categories</marc:subfield><marc:subfield code="v">Congresses.</marc:subfield></marc:datafield><marc:datafield tag="700" ind1="1" ind2="0"><marc:subfield code="a">Toman, Jindich.</marc:subfield></marc:datafield><marc:datafield tag="740" ind1="0" ind2="1"><marc:subfield code="a">Formal approaches to Slavic linguistics.</marc:subfield></marc:datafield><marc:datafield tag="830" ind1=" " ind2="0"><marc:subfield code="a">Michigan Slavic materials ;</marc:subfield><marc:subfield code="v">no. 35.</marc:subfield></marc:datafield><marc:datafield tag="035" ind1=" " ind2=" "><marc:subfield code="a">(TxDaGIAL)37741100011324</marc:subfield></marc:datafield><marc:controlfield tag="005">20080624154427.0</marc:controlfield><marc:controlfield tag="001">450</marc:controlfield><marc:controlfield tag="003">TxDaGIAL</marc:controlfield><marc:datafield tag="852" ind1=" " ind2=" "><marc:subfield code="p">37741100011324</marc:subfield><marc:subfield code="a">Library</marc:subfield><marc:subfield code="9">$16.00</marc:subfield><marc:subfield code="x">FUND:Ling</marc:subfield><marc:subfield code="x">COPYID:511</marc:subfield><marc:subfield code="x">FSC@aRegular@c19960503</marc:subfield><marc:subfield code="h">491.8 F723m 1992</marc:subfield><marc:subfield code="z">dir  4-11-96</marc:subfield></marc:datafield></marc:record>