
<marc:record><marc:leader>01303cam a2200313 a 4500</marc:leader>
<marc:controlfield tag="008">940127s1994    miu      b    100 0 eng  </marc:controlfield>
<marc:datafield tag="010" ind1=" " ind2=" "><marc:subfield code="a">   95010451</marc:subfield></marc:datafield><marc:datafield tag="020" ind1=" " ind2=" "><marc:subfield code="a">0930042743 :</marc:subfield><marc:subfield code="c">$26.00</marc:subfield></marc:datafield><marc:datafield tag="040" ind1=" " ind2=" "><marc:subfield code="a">DLC</marc:subfield><marc:subfield code="c">DLC</marc:subfield><marc:subfield code="d">DLC</marc:subfield><marc:subfield code="d">TxDaGIAL</marc:subfield></marc:datafield><marc:datafield tag="050" ind1="0" ind2="0"><marc:subfield code="a">PG13</marc:subfield><marc:subfield code="b">.M46 no. 36</marc:subfield><marc:subfield code="a">PG59</marc:subfield></marc:datafield><marc:datafield tag="082" ind1="0" ind2="0"><marc:subfield code="a">491.8</marc:subfield><marc:subfield code="2">20</marc:subfield></marc:datafield><marc:datafield tag="111" ind1="2" ind2=" "><marc:subfield code="a">Workshop on Formal Approaches to Slavic Linguistics</marc:subfield><marc:subfield code="d">(1993 :</marc:subfield><marc:subfield code="c">Massachusetts Institute of Technology)</marc:subfield></marc:datafield><marc:datafield tag="245" ind1="1" ind2="0"><marc:subfield code="a">Annual Workshop on Formal Approaches to Slavic Linguistics :</marc:subfield><marc:subfield code="b">the MIT meeting, 1993 /</marc:subfield><marc:subfield code="c">edited by Sergey Avrutin, Steven Franks, Ljiljana Progovac.</marc:subfield></marc:datafield><marc:datafield tag="260" ind1=" " ind2=" "><marc:subfield code="a">Ann Arbor :</marc:subfield><marc:subfield code="b">Michigan Slavic Publications,</marc:subfield><marc:subfield code="c">1994.</marc:subfield></marc:datafield><marc:datafield tag="300" ind1=" " ind2=" "><marc:subfield code="a">422 p. ;</marc:subfield><marc:subfield code="c">23 cm.</marc:subfield></marc:datafield><marc:datafield tag="490" ind1="1" ind2=" "><marc:subfield code="a">Michigan Slavic materials ;</marc:subfield><marc:subfield code="v">v. 36</marc:subfield></marc:datafield><marc:datafield tag="500" ind1=" " ind2=" "><marc:subfield code="a">Cover title: Formal approaches to Slavic linguistics.</marc:subfield></marc:datafield><marc:datafield tag="504" ind1=" " ind2=" "><marc:subfield code="a">Includes bibliographical references.</marc:subfield></marc:datafield><marc:datafield tag="650" ind1=" " ind2="0"><marc:subfield code="a">Slavic languages</marc:subfield><marc:subfield code="x">Grammar</marc:subfield><marc:subfield code="v">Congresses.</marc:subfield></marc:datafield><marc:datafield tag="700" ind1="1" ind2="0"><marc:subfield code="a">Avrutin, Sergey.</marc:subfield></marc:datafield><marc:datafield tag="700" ind1="1" ind2="0"><marc:subfield code="a">Progovac, Ljiljana.</marc:subfield></marc:datafield><marc:datafield tag="700" ind1="1" ind2="0"><marc:subfield code="a">Franks, Steven.</marc:subfield></marc:datafield><marc:datafield tag="740" ind1="0" ind2="1"><marc:subfield code="a">Formal approaches to Slavic linguistics.</marc:subfield></marc:datafield><marc:datafield tag="830" ind1=" " ind2="0"><marc:subfield code="a">Michigan Slavic materials ;</marc:subfield><marc:subfield code="v">no. 36.</marc:subfield></marc:datafield><marc:datafield tag="035" ind1=" " ind2=" "><marc:subfield code="a">(TxDaGIAL)37741100011325</marc:subfield></marc:datafield><marc:controlfield tag="005">20080624154427.0</marc:controlfield><marc:controlfield tag="001">451</marc:controlfield><marc:controlfield tag="003">TxDaGIAL</marc:controlfield><marc:datafield tag="852" ind1=" " ind2=" "><marc:subfield code="p">37741100011325</marc:subfield><marc:subfield code="a">Library</marc:subfield><marc:subfield code="9">$26.00</marc:subfield><marc:subfield code="x">FUND:Ling</marc:subfield><marc:subfield code="x">COPYID:512</marc:subfield><marc:subfield code="x">FSC@aRegular@c19960503</marc:subfield><marc:subfield code="h">491.8 F723m 1993</marc:subfield><marc:subfield code="z">dir  4-11-96</marc:subfield></marc:datafield></marc:record>