
<marc:record><marc:leader>00883nam a2200253 i 4500</marc:leader>
<marc:controlfield tag="007">hdrafa---baca</marc:controlfield>
<marc:controlfield tag="007">hdrbfa---baba</marc:controlfield><marc:controlfield tag="008">850528q19531968dcua     b   f00000 spa d</marc:controlfield><marc:datafield tag="035" ind1=" " ind2=" "><marc:subfield code="a">(CU-UC)6687026</marc:subfield></marc:datafield><marc:datafield tag="040" ind1=" " ind2=" "><marc:subfield code="a">CU-BANC</marc:subfield><marc:subfield code="c">CU-BANC</marc:subfield></marc:datafield><marc:datafield tag="043" ind1=" " ind2=" "><marc:subfield code="a">nc-----</marc:subfield></marc:datafield><marc:datafield tag="100" ind1="1" ind2="0"><marc:subfield code="a">Mata Gavidia, Jos.</marc:subfield></marc:datafield><marc:datafield tag="245" ind1="1" ind2="0"><marc:subfield code="a">Anotaciones de historia patria centroamericana.</marc:subfield></marc:datafield><marc:datafield tag="260" ind1="0" ind2=" "><marc:subfield code="a">Guatemala :</marc:subfield><marc:subfield code="b">Cultural Centroamericana,</marc:subfield><marc:subfield code="c">1953.</marc:subfield></marc:datafield><marc:datafield tag="300" ind1=" " ind2=" "><marc:subfield code="a">432 p. :</marc:subfield><marc:subfield code="b">illus. (part col.) ports., maps (part fold., part col.) facsims. ;</marc:subfield><marc:subfield code="c">24 cm.</marc:subfield></marc:datafield><marc:datafield tag="504" ind1=" " ind2=" "><marc:subfield code="a">Bibliography: p. 431-432.</marc:subfield></marc:datafield><marc:datafield tag="546" ind1=" " ind2=" "><marc:subfield code="a">Spanish.</marc:subfield></marc:datafield><marc:datafield tag="651" ind1=" " ind2="0"><marc:subfield code="a">Central America</marc:subfield><marc:subfield code="x">History.</marc:subfield></marc:datafield><marc:datafield tag="752" ind1=" " ind2=" "><marc:subfield code="a">United States</marc:subfield><marc:subfield code="b">District of Columbia</marc:subfield><marc:subfield code="d">Washington</marc:subfield><marc:subfield code="9">(1953)</marc:subfield></marc:datafield><marc:datafield tag="035" ind1=" " ind2=" "><marc:subfield code="a">(TxDaGIAL)37741100015291</marc:subfield></marc:datafield><marc:controlfield tag="005">20080624154427.0</marc:controlfield><marc:controlfield tag="001">452</marc:controlfield><marc:controlfield tag="003">TxDaGIAL</marc:controlfield><marc:datafield tag="852" ind1=" " ind2=" "><marc:subfield code="p">37741100015291</marc:subfield><marc:subfield code="a">Library</marc:subfield><marc:subfield code="9">$0.00</marc:subfield><marc:subfield code="x">COPYID:513</marc:subfield><marc:subfield code="x">FSC@aRegular@c19970220</marc:subfield><marc:subfield code="h">972.8 M425a 1953</marc:subfield><marc:subfield code="z">Gift 7-90</marc:subfield></marc:datafield></marc:record>