
<marc:record><marc:leader>01001cam a2200265 i 4500</marc:leader>
<marc:controlfield tag="008">800605s1973    pp            00010 eng  </marc:controlfield>
<marc:datafield tag="010" ind1=" " ind2=" "><marc:subfield code="a">   78103880 //r85</marc:subfield></marc:datafield><marc:datafield tag="040" ind1=" " ind2=" "><marc:subfield code="a">DLC</marc:subfield><marc:subfield code="c">DLC</marc:subfield><marc:subfield code="d">TxDaGIAL</marc:subfield></marc:datafield><marc:datafield tag="043" ind1=" " ind2=" "><marc:subfield code="a">a-pp---</marc:subfield><marc:subfield code="a">a-nw---</marc:subfield></marc:datafield><marc:datafield tag="050" ind1="0" ind2=" "><marc:subfield code="a">LG185.P6</marc:subfield><marc:subfield code="b">J658</marc:subfield></marc:datafield><marc:datafield tag="082" ind1=" " ind2=" "><marc:subfield code="a">378/.16912/09953</marc:subfield></marc:datafield><marc:datafield tag="100" ind1="1" ind2="0"><marc:subfield code="a">Jones, John,</marc:subfield><marc:subfield code="d">1941-</marc:subfield></marc:datafield><marc:datafield tag="245" ind1="1" ind2="0"><marc:subfield code="a">Another look back :</marc:subfield><marc:subfield code="b">a survey of graduate opinions of the University of Papua and New Guinea /</marc:subfield><marc:subfield code="c">John Jones, Ann Jones.</marc:subfield></marc:datafield><marc:datafield tag="260" ind1="0" ind2=" "><marc:subfield code="a">[Port Moresby] :</marc:subfield><marc:subfield code="b">University of Papua and New Guinea,</marc:subfield><marc:subfield code="c">1973,</marc:subfield><marc:subfield code="g">(1975 printing)</marc:subfield></marc:datafield><marc:datafield tag="300" ind1=" " ind2=" "><marc:subfield code="a">66 p. ;</marc:subfield><marc:subfield code="c">25 cm.</marc:subfield></marc:datafield><marc:datafield tag="490" ind1="1" ind2=" "><marc:subfield code="a">ERU report ;</marc:subfield><marc:subfield code="v">no. 7</marc:subfield></marc:datafield><marc:datafield tag="610" ind1="2" ind2="0"><marc:subfield code="a">University of Papua New Guinea</marc:subfield><marc:subfield code="x">Alumni.</marc:subfield></marc:datafield><marc:datafield tag="650" ind1=" " ind2="0"><marc:subfield code="a">College graduates</marc:subfield><marc:subfield code="x">Employment</marc:subfield><marc:subfield code="z">Papua New Guinea.</marc:subfield></marc:datafield><marc:datafield tag="700" ind1="1" ind2="0"><marc:subfield code="a">Jones, Ann E.,</marc:subfield><marc:subfield code="e">joint author.</marc:subfield></marc:datafield><marc:datafield tag="830" ind1=" " ind2="0"><marc:subfield code="a">E.R.U. research report ;</marc:subfield><marc:subfield code="v">no. 7.</marc:subfield></marc:datafield><marc:datafield tag="035" ind1=" " ind2=" "><marc:subfield code="a">(TxDaGIAL)37741100008151</marc:subfield></marc:datafield><marc:controlfield tag="005">20080624154427.0</marc:controlfield><marc:controlfield tag="001">455</marc:controlfield><marc:controlfield tag="003">TxDaGIAL</marc:controlfield><marc:datafield tag="852" ind1=" " ind2=" "><marc:subfield code="p">37741100008151</marc:subfield><marc:subfield code="a">Library</marc:subfield><marc:subfield code="x">COPYID:516</marc:subfield><marc:subfield code="x">FSC@aRegular@c19950915</marc:subfield><marc:subfield code="h">370.9953 E73 no.7 1973</marc:subfield></marc:datafield></marc:record>