
<marc:record><marc:leader>00918cam a22002531i 4500</marc:leader>
<marc:controlfield tag="008">700928s1968    nyu           00000 eng  </marc:controlfield>
<marc:datafield tag="010" ind1=" " ind2=" "><marc:subfield code="a">   68019044 //r91</marc:subfield></marc:datafield><marc:datafield tag="040" ind1=" " ind2=" "><marc:subfield code="a">DLC</marc:subfield><marc:subfield code="c">DLC</marc:subfield><marc:subfield code="d">DLC</marc:subfield></marc:datafield><marc:datafield tag="041" ind1="1" ind2=" "><marc:subfield code="a">engind</marc:subfield></marc:datafield><marc:datafield tag="050" ind1="0" ind2="0"><marc:subfield code="a">PL5095.E3</marc:subfield><marc:subfield code="b">R3 1968</marc:subfield></marc:datafield><marc:datafield tag="082" ind1="0" ind2="0"><marc:subfield code="a">899/.221/1008</marc:subfield></marc:datafield><marc:datafield tag="100" ind1="1" ind2="0"><marc:subfield code="a">Raffel, Burton,</marc:subfield><marc:subfield code="e">ed.</marc:subfield></marc:datafield><marc:datafield tag="245" ind1="1" ind2="0"><marc:subfield code="a">Anthology of modern Indonesian poetry /</marc:subfield><marc:subfield code="c">edited by Burton Raffel.</marc:subfield></marc:datafield><marc:datafield tag="260" ind1="0" ind2=" "><marc:subfield code="a">Albany :</marc:subfield><marc:subfield code="b">State University of New York Press,</marc:subfield><marc:subfield code="c">c1968.</marc:subfield></marc:datafield><marc:datafield tag="300" ind1=" " ind2=" "><marc:subfield code="a">xiv, 158 p. ;</marc:subfield><marc:subfield code="c">22 cm.</marc:subfield></marc:datafield><marc:datafield tag="500" ind1=" " ind2=" "><marc:subfield code="a">&quot;Sponsored by the Asian Literature Program of the Asia Society, New York.&quot;</marc:subfield></marc:datafield><marc:datafield tag="650" ind1=" " ind2="0"><marc:subfield code="a">Indonesian poetry</marc:subfield><marc:subfield code="v">Translations into English.</marc:subfield></marc:datafield><marc:datafield tag="710" ind1="2" ind2="0"><marc:subfield code="a">Asia Society.</marc:subfield><marc:subfield code="b">Asian Literature Program.</marc:subfield></marc:datafield><marc:datafield tag="740" ind1="0" ind2="1"><marc:subfield code="a">Modern Indonesian poetry.</marc:subfield></marc:datafield><marc:datafield tag="035" ind1=" " ind2=" "><marc:subfield code="a">(TxDaGIAL)37741100009577</marc:subfield></marc:datafield><marc:controlfield tag="005">20080624154427.0</marc:controlfield><marc:controlfield tag="001">456</marc:controlfield><marc:controlfield tag="003">TxDaGIAL</marc:controlfield><marc:datafield tag="852" ind1=" " ind2=" "><marc:subfield code="p">37741100009577</marc:subfield><marc:subfield code="a">Library</marc:subfield><marc:subfield code="x">COPYID:517</marc:subfield><marc:subfield code="x">FSC@aRegular@c19951114</marc:subfield><marc:subfield code="h">899.221 R136 1968</marc:subfield><marc:subfield code="z">8330</marc:subfield></marc:datafield></marc:record>