
<marc:record><marc:leader>01078nam a2200277 a 4500</marc:leader>
<marc:controlfield tag="008">870810s1986    ja a     b   f00000 eng  </marc:controlfield>
<marc:datafield tag="010" ind1=" " ind2=" "><marc:subfield code="a">   87164056</marc:subfield></marc:datafield><marc:datafield tag="040" ind1=" " ind2=" "><marc:subfield code="a">DLC</marc:subfield><marc:subfield code="c">DLC</marc:subfield><marc:subfield code="d">TxDaGIAL</marc:subfield></marc:datafield><marc:datafield tag="043" ind1=" " ind2=" "><marc:subfield code="a">a-np---</marc:subfield></marc:datafield><marc:datafield tag="050" ind1="0" ind2=" "><marc:subfield code="a">DS495.8.K3</marc:subfield><marc:subfield code="b">A58 1986</marc:subfield></marc:datafield><marc:datafield tag="082" ind1="0" ind2=" "><marc:subfield code="a">954.9/6</marc:subfield><marc:subfield code="2">19</marc:subfield></marc:datafield><marc:datafield tag="245" ind1="0" ind2="0"><marc:subfield code="a">Anthropological and linguistic studies of the Kathmandu Valley and Gandaki area in Nepal /</marc:subfield><marc:subfield code="c">Hiroshi Ishii ... [et al.].</marc:subfield></marc:datafield><marc:datafield tag="260" ind1="0" ind2=" "><marc:subfield code="a">Tokyo, Japan :</marc:subfield><marc:subfield code="b">Institute for the Study of Languages and Cultures of Asia and Africa,</marc:subfield><marc:subfield code="c">1986.</marc:subfield></marc:datafield><marc:datafield tag="300" ind1=" " ind2=" "><marc:subfield code="a">iv, 317 p. :</marc:subfield><marc:subfield code="b">ill. ;</marc:subfield><marc:subfield code="c">26 cm.</marc:subfield></marc:datafield><marc:datafield tag="440" ind1=" " ind2="0"><marc:subfield code="a">Monumenta Serindica ;</marc:subfield><marc:subfield code="v">no. 15</marc:subfield></marc:datafield><marc:datafield tag="504" ind1=" " ind2=" "><marc:subfield code="a">Includes bibliographies.</marc:subfield></marc:datafield><marc:datafield tag="651" ind1=" " ind2="0"><marc:subfield code="a">Kathmandu Valley (Nepal)</marc:subfield><marc:subfield code="x">Civilization.</marc:subfield></marc:datafield><marc:datafield tag="651" ind1=" " ind2="0"><marc:subfield code="a">Nepal</marc:subfield><marc:subfield code="x">Languages.</marc:subfield></marc:datafield><marc:datafield tag="651" ind1=" " ind2="0"><marc:subfield code="a">Gandak Zone (Nepal)</marc:subfield><marc:subfield code="x">Civilization.</marc:subfield></marc:datafield><marc:datafield tag="700" ind1="1" ind2="0"><marc:subfield code="a">Ishii, Hiroshi,</marc:subfield><marc:subfield code="d">1943-</marc:subfield></marc:datafield><marc:datafield tag="710" ind1="2" ind2="0"><marc:subfield code="a">Tky Gaikokugo Daigaku.</marc:subfield><marc:subfield code="b">Ajia Afurika Gengo Bunka Kenkyjo.</marc:subfield></marc:datafield><marc:datafield tag="035" ind1=" " ind2=" "><marc:subfield code="a">(TxDaGIAL)37741100007782</marc:subfield></marc:datafield><marc:controlfield tag="005">20080624154428.0</marc:controlfield><marc:controlfield tag="001">457</marc:controlfield><marc:controlfield tag="003">TxDaGIAL</marc:controlfield><marc:datafield tag="852" ind1=" " ind2=" "><marc:subfield code="p">37741100007782</marc:subfield><marc:subfield code="a">Library</marc:subfield><marc:subfield code="x">COPYID:518</marc:subfield><marc:subfield code="x">FSC@aRegular@c19950906</marc:subfield><marc:subfield code="h">954.96 I79a 1986</marc:subfield><marc:subfield code="z">13104</marc:subfield></marc:datafield></marc:record>