
<marc:record><marc:leader>01761nam a22002891  4500</marc:leader>
<marc:controlfield tag="008">940809s1985    pau           001 0 eng d</marc:controlfield>
<marc:datafield tag="010" ind1=" " ind2=" "><marc:subfield code="a">84-48723 //r90</marc:subfield></marc:datafield><marc:datafield tag="020" ind1=" " ind2=" "><marc:subfield code="a">0800617711 (pbk.)</marc:subfield></marc:datafield><marc:datafield tag="040" ind1=" " ind2=" "><marc:subfield code="a">DLC</marc:subfield><marc:subfield code="c">TxDaGIAL</marc:subfield><marc:subfield code="d">TxDaGIAL</marc:subfield></marc:datafield><marc:datafield tag="050" ind1=" " ind2=" "><marc:subfield code="a">BS1192</marc:subfield><marc:subfield code="b">.A48 1985</marc:subfield></marc:datafield><marc:datafield tag="082" ind1=" " ind2=" "><marc:subfield code="a">221.6/7</marc:subfield><marc:subfield code="2">20</marc:subfield></marc:datafield><marc:datafield tag="245" ind1="0" ind2="0"><marc:subfield code="a">Anthropological approaches to the Old Testament /</marc:subfield><marc:subfield code="c">edited with an introduction by Bernhard Lang.</marc:subfield></marc:datafield><marc:datafield tag="260" ind1=" " ind2=" "><marc:subfield code="a">Philadelphia :</marc:subfield><marc:subfield code="b">Fortress Press ;</marc:subfield><marc:subfield code="a">London :</marc:subfield><marc:subfield code="b">SPCK,</marc:subfield><marc:subfield code="c">1985.</marc:subfield></marc:datafield><marc:datafield tag="300" ind1=" " ind2=" "><marc:subfield code="a">xi, 175 p. ;</marc:subfield><marc:subfield code="c">22cm.</marc:subfield></marc:datafield><marc:datafield tag="440" ind1=" " ind2="0"><marc:subfield code="a">Issues in religion and theology ;</marc:subfield><marc:subfield code="v">8</marc:subfield></marc:datafield><marc:datafield tag="504" ind1=" " ind2=" "><marc:subfield code="a">Includes bibliography (p. 163-168) and indexes.</marc:subfield></marc:datafield><marc:datafield tag="505" ind1="0" ind2=" "><marc:subfield code="a">CONTENTS: Enslavement and the early Hebrew lineage system / Franz Steiner -- The sin of Cain / Isaac Schapera -- The Hebrew conception of corporate personality / John W. Rogerson -- Prophecy, the problem of cross-cultural comparison / Thomas W. Overholt -- The social organization of peasant poverty in Biblical Israel / Bernhard Lang -- The abominations of Leviticus / Mary Douglas -- One more time, Leviticus revisited / Michael P. Carroll -- Genesis restructured / Michael P. Carroll -- The logic of sacrifice / Edmund Leach -- An  interpretation of sacrifice in Leviticus / Douglas Davies.</marc:subfield></marc:datafield><marc:datafield tag="650" ind1=" " ind2="0"><marc:subfield code="a">Sociology, Biblical.</marc:subfield></marc:datafield><marc:datafield tag="650" ind1=" " ind2="0"><marc:subfield code="a">Ethnology.</marc:subfield></marc:datafield><marc:datafield tag="630" ind1="0" ind2="0"><marc:subfield code="a">Bible.</marc:subfield><marc:subfield code="p">O.T.</marc:subfield><marc:subfield code="x">Criticism, interpretation, etc.</marc:subfield></marc:datafield><marc:datafield tag="700" ind1="1" ind2="0"><marc:subfield code="a">Lang, Bernhard,</marc:subfield><marc:subfield code="d">1946-</marc:subfield></marc:datafield><marc:datafield tag="035" ind1=" " ind2=" "><marc:subfield code="a">(TxDaGIAL)37741100000231</marc:subfield></marc:datafield><marc:controlfield tag="005">20080624154428.0</marc:controlfield><marc:controlfield tag="001">459</marc:controlfield><marc:controlfield tag="003">TxDaGIAL</marc:controlfield><marc:datafield tag="852" ind1=" " ind2=" "><marc:subfield code="p">37741100000231</marc:subfield><marc:subfield code="a">Library</marc:subfield><marc:subfield code="9">$3.50</marc:subfield><marc:subfield code="x">COPYID:521</marc:subfield><marc:subfield code="x">FSC@aRegular@c19940810</marc:subfield><marc:subfield code="h">221.67 A628a 1985</marc:subfield><marc:subfield code="z">purchased from K. McElhanon</marc:subfield></marc:datafield><marc:datafield tag="852" ind1=" " ind2=" "><marc:subfield code="p">37741100024587</marc:subfield><marc:subfield code="a">Library</marc:subfield><marc:subfield code="b">James E. Redden Coll</marc:subfield><marc:subfield code="9">$0.00</marc:subfield><marc:subfield code="x">FUND:Gift</marc:subfield><marc:subfield code="x">COPYID:522</marc:subfield><marc:subfield code="x">FSC@aRegular@c20010329</marc:subfield><marc:subfield code="h">221.67 A628a 1985</marc:subfield><marc:subfield code="z">Gift James E. Redden 10-00</marc:subfield></marc:datafield></marc:record>