
<marc:record><marc:leader>01041cam a2200253 a 4500</marc:leader>
<marc:controlfield tag="008">930928s1992    sz       b    000 0 eng  </marc:controlfield>
<marc:datafield tag="010" ind1=" " ind2=" "><marc:subfield code="a">   92020369</marc:subfield></marc:datafield><marc:datafield tag="020" ind1=" " ind2=" "><marc:subfield code="a">2881245293 (pbk.) :</marc:subfield><marc:subfield code="c">$24.00</marc:subfield></marc:datafield><marc:datafield tag="040" ind1=" " ind2=" "><marc:subfield code="a">DLC</marc:subfield><marc:subfield code="c">DLC</marc:subfield><marc:subfield code="d">DLC</marc:subfield><marc:subfield code="d">TxDaGIAL</marc:subfield></marc:datafield><marc:datafield tag="050" ind1="0" ind2="0"><marc:subfield code="a">GR880</marc:subfield><marc:subfield code="b">.A8 1990</marc:subfield></marc:datafield><marc:datafield tag="082" ind1="0" ind2="0"><marc:subfield code="a">615.8/</marc:subfield><marc:subfield code="2">20</marc:subfield></marc:datafield><marc:datafield tag="245" ind1="0" ind2="0"><marc:subfield code="a">Anthropological approaches to the study of ethnomedicine /</marc:subfield><marc:subfield code="c">edited by Mark Nichter.</marc:subfield></marc:datafield><marc:datafield tag="260" ind1=" " ind2=" "><marc:subfield code="a">Montreux, Switzerland ;</marc:subfield><marc:subfield code="a">Philadelphia :</marc:subfield><marc:subfield code="b">Gordon and Breach Science Publishers,</marc:subfield><marc:subfield code="c">c1992.</marc:subfield></marc:datafield><marc:datafield tag="300" ind1=" " ind2=" "><marc:subfield code="a">xxii, 259 p. ;</marc:subfield><marc:subfield code="c">25 cm.</marc:subfield></marc:datafield><marc:datafield tag="500" ind1=" " ind2=" "><marc:subfield code="a">&quot;... an expanded collection of essays ... originally organized for a special edition of the journal Medical anthropology, volume 13 (1-2) 1991&quot;--Pref.</marc:subfield></marc:datafield><marc:datafield tag="504" ind1=" " ind2=" "><marc:subfield code="a">Includes bibliographical references.</marc:subfield></marc:datafield><marc:datafield tag="650" ind1=" " ind2="0"><marc:subfield code="a">Traditional medicine.</marc:subfield></marc:datafield><marc:datafield tag="650" ind1=" " ind2="0"><marc:subfield code="a">Medical anthropology.</marc:subfield></marc:datafield><marc:datafield tag="700" ind1="1" ind2="0"><marc:subfield code="a">Nichter, Mark.</marc:subfield></marc:datafield><marc:datafield tag="035" ind1=" " ind2=" "><marc:subfield code="a">(TxDaGIAL)37741100009427</marc:subfield></marc:datafield><marc:controlfield tag="005">20080624154429.0</marc:controlfield><marc:controlfield tag="001">460</marc:controlfield><marc:controlfield tag="003">TxDaGIAL</marc:controlfield><marc:datafield tag="852" ind1=" " ind2=" "><marc:subfield code="p">37741100009427</marc:subfield><marc:subfield code="a">Library</marc:subfield><marc:subfield code="9">$20.88</marc:subfield><marc:subfield code="x">COPYID:523</marc:subfield><marc:subfield code="x">FSC@aRegular@c19951113</marc:subfield><marc:subfield code="h">615.882 A628n 1992</marc:subfield><marc:subfield code="z">B/T 10-95</marc:subfield></marc:datafield></marc:record>