
<marc:record><marc:leader>01063pam a2200277 a 4500</marc:leader>
<marc:controlfield tag="008">871201s1988    nyu      b    00110 eng  </marc:controlfield>
<marc:datafield tag="010" ind1=" " ind2=" "><marc:subfield code="a">   87032876</marc:subfield></marc:datafield><marc:datafield tag="020" ind1=" " ind2=" "><marc:subfield code="a">0824066421 (alk. paper)</marc:subfield></marc:datafield><marc:datafield tag="040" ind1=" " ind2=" "><marc:subfield code="a">DLC</marc:subfield><marc:subfield code="c">DLC</marc:subfield><marc:subfield code="d">TxDaGIAL</marc:subfield></marc:datafield><marc:datafield tag="050" ind1="0" ind2=" "><marc:subfield code="a">Z5118.F44</marc:subfield><marc:subfield code="b">G7 1988</marc:subfield><marc:subfield code="a">GN346</marc:subfield></marc:datafield><marc:datafield tag="082" ind1="0" ind2=" "><marc:subfield code="a">016.306/072</marc:subfield><marc:subfield code="2">19</marc:subfield></marc:datafield><marc:datafield tag="100" ind1="1" ind2="0"><marc:subfield code="a">Gravel, Pierre Bettez.</marc:subfield></marc:datafield><marc:datafield tag="245" ind1="1" ind2="0"><marc:subfield code="a">Anthropological fieldwork :</marc:subfield><marc:subfield code="b">an annotated bibliography /</marc:subfield><marc:subfield code="c">Pierre Bettez Gravel and Robert B. Marks Ridinger.</marc:subfield></marc:datafield><marc:datafield tag="260" ind1="0" ind2=" "><marc:subfield code="a">New York :</marc:subfield><marc:subfield code="b">Garland,</marc:subfield><marc:subfield code="c">1988.</marc:subfield></marc:datafield><marc:datafield tag="300" ind1=" " ind2=" "><marc:subfield code="a">viii, 241 p. ;</marc:subfield><marc:subfield code="c">23 cm.</marc:subfield></marc:datafield><marc:datafield tag="490" ind1="1" ind2=" "><marc:subfield code="a">Garland reference library of social science ;</marc:subfield><marc:subfield code="v">vol. 419</marc:subfield></marc:datafield><marc:datafield tag="500" ind1=" " ind2=" "><marc:subfield code="a">Includes indexes.</marc:subfield></marc:datafield><marc:datafield tag="650" ind1=" " ind2="0"><marc:subfield code="a">Ethnology</marc:subfield><marc:subfield code="x">Field work</marc:subfield><marc:subfield code="v">Bibliography.</marc:subfield></marc:datafield><marc:datafield tag="650" ind1=" " ind2="0"><marc:subfield code="a">Anthropology</marc:subfield><marc:subfield code="x">Field work</marc:subfield><marc:subfield code="v">Bibliography.</marc:subfield></marc:datafield><marc:datafield tag="700" ind1="1" ind2="0"><marc:subfield code="a">Ridinger, Robert B. Marks,</marc:subfield><marc:subfield code="d">1951-</marc:subfield></marc:datafield><marc:datafield tag="830" ind1=" " ind2="0"><marc:subfield code="a">Garland reference library of social science ;</marc:subfield><marc:subfield code="v">v. 419.</marc:subfield></marc:datafield><marc:datafield tag="035" ind1=" " ind2=" "><marc:subfield code="a">(TxDaGIAL)37741100006174</marc:subfield></marc:datafield><marc:controlfield tag="005">20080624154430.0</marc:controlfield><marc:controlfield tag="001">464</marc:controlfield><marc:controlfield tag="003">TxDaGIAL</marc:controlfield><marc:datafield tag="852" ind1=" " ind2=" "><marc:subfield code="p">37741100006174</marc:subfield><marc:subfield code="a">Library</marc:subfield><marc:subfield code="9">$35.00</marc:subfield><marc:subfield code="x">COPYID:527</marc:subfield><marc:subfield code="x">FSC@aRegular@c19950803</marc:subfield><marc:subfield code="h">016.306072 G775a 1988</marc:subfield><marc:subfield code="z">B/T 1-90</marc:subfield></marc:datafield></marc:record>