
<marc:record><marc:leader>01055pam a2200265 a 4500</marc:leader>
<marc:controlfield tag="008">880308s1988    sz a     b    00100 eng  </marc:controlfield>
<marc:datafield tag="010" ind1=" " ind2=" "><marc:subfield code="a">   88006834</marc:subfield></marc:datafield><marc:datafield tag="020" ind1=" " ind2=" "><marc:subfield code="a">3718604787</marc:subfield></marc:datafield><marc:datafield tag="040" ind1=" " ind2=" "><marc:subfield code="a">DLC</marc:subfield><marc:subfield code="c">DLC</marc:subfield><marc:subfield code="d">TxDaGIAL</marc:subfield></marc:datafield><marc:datafield tag="050" ind1="0" ind2=" "><marc:subfield code="a">GN347</marc:subfield><marc:subfield code="b">.A58 1988</marc:subfield></marc:datafield><marc:datafield tag="082" ind1="0" ind2=" "><marc:subfield code="a">306/.0208</marc:subfield><marc:subfield code="2">19</marc:subfield></marc:datafield><marc:datafield tag="245" ind1="0" ind2="0"><marc:subfield code="a">Anthropological filmmaking :</marc:subfield><marc:subfield code="b">anthropological perspectives on the production of film and video for general public audiences /</marc:subfield><marc:subfield code="c">edited by Jack R. Rollwagen.</marc:subfield></marc:datafield><marc:datafield tag="260" ind1="0" ind2=" "><marc:subfield code="a">Chur, Switzerland ;</marc:subfield><marc:subfield code="a">New York :</marc:subfield><marc:subfield code="b">Harwood Academic Publishers,</marc:subfield><marc:subfield code="c">c1988.</marc:subfield></marc:datafield><marc:datafield tag="300" ind1=" " ind2=" "><marc:subfield code="a">xv, 396 p. :</marc:subfield><marc:subfield code="b">ill. ;</marc:subfield><marc:subfield code="c">23 cm.</marc:subfield></marc:datafield><marc:datafield tag="490" ind1="1" ind2=" "><marc:subfield code="a">Visual anthropology,</marc:subfield><marc:subfield code="x">0897-1463 ;</marc:subfield><marc:subfield code="v">v. 1</marc:subfield></marc:datafield><marc:datafield tag="504" ind1=" " ind2=" "><marc:subfield code="a">Includes bibliographies, filmographies, and index.</marc:subfield></marc:datafield><marc:datafield tag="650" ind1=" " ind2="0"><marc:subfield code="a">Motion pictures in ethnology.</marc:subfield></marc:datafield><marc:datafield tag="650" ind1=" " ind2="0"><marc:subfield code="a">Ethnology</marc:subfield><marc:subfield code="x">Methodology.</marc:subfield></marc:datafield><marc:datafield tag="700" ind1="1" ind2="0"><marc:subfield code="a">Rollwagen, Jack R.</marc:subfield></marc:datafield><marc:datafield tag="830" ind1=" " ind2="0"><marc:subfield code="a">Visual anthropology (Series) ;</marc:subfield><marc:subfield code="v">v. 1.</marc:subfield></marc:datafield><marc:datafield tag="035" ind1=" " ind2=" "><marc:subfield code="a">(TxDaGIAL)37741100009171</marc:subfield></marc:datafield><marc:controlfield tag="005">20080624154430.0</marc:controlfield><marc:controlfield tag="001">465</marc:controlfield><marc:controlfield tag="003">TxDaGIAL</marc:controlfield><marc:datafield tag="852" ind1=" " ind2=" "><marc:subfield code="p">37741100009171</marc:subfield><marc:subfield code="a">Library</marc:subfield><marc:subfield code="9">$37.05</marc:subfield><marc:subfield code="x">COPYID:528</marc:subfield><marc:subfield code="x">FSC@aRegular@c19951101</marc:subfield><marc:subfield code="h">306.0208 A628r 1988</marc:subfield><marc:subfield code="z">B/T 4-92</marc:subfield></marc:datafield></marc:record>