
<marc:record><marc:leader>00904cam a22002411  4500</marc:leader>
<marc:controlfield tag="008">700914s1968    nyu      b    00010 eng  </marc:controlfield>
<marc:datafield tag="010" ind1=" " ind2=" "><marc:subfield code="a">   68016794</marc:subfield></marc:datafield><marc:datafield tag="040" ind1=" " ind2=" "><marc:subfield code="a">DLC</marc:subfield><marc:subfield code="c">DLC</marc:subfield></marc:datafield><marc:datafield tag="050" ind1="0" ind2=" "><marc:subfield code="a">P121</marc:subfield><marc:subfield code="b">.G74</marc:subfield></marc:datafield><marc:datafield tag="082" ind1=" " ind2=" "><marc:subfield code="a">410</marc:subfield></marc:datafield><marc:datafield tag="100" ind1="1" ind2="0"><marc:subfield code="a">Greenberg, Joseph Harold,</marc:subfield><marc:subfield code="d">1915-</marc:subfield></marc:datafield><marc:datafield tag="245" ind1="1" ind2="0"><marc:subfield code="a">Anthropological linguistics :</marc:subfield><marc:subfield code="b">an introduction /</marc:subfield><marc:subfield code="c">by Joseph H. Greenberg.</marc:subfield></marc:datafield><marc:datafield tag="260" ind1="0" ind2=" "><marc:subfield code="a">New York :</marc:subfield><marc:subfield code="b">Random House,</marc:subfield><marc:subfield code="c">[1968]</marc:subfield></marc:datafield><marc:datafield tag="300" ind1=" " ind2=" "><marc:subfield code="a">vi, 212 p. ;</marc:subfield><marc:subfield code="c">21 cm.</marc:subfield></marc:datafield><marc:datafield tag="490" ind1="0" ind2=" "><marc:subfield code="a">Random House studies in anthropology, AS8</marc:subfield></marc:datafield><marc:datafield tag="504" ind1=" " ind2=" "><marc:subfield code="a">Bibliographical references included in &quot;Notes&quot; (p. [197]-204).</marc:subfield></marc:datafield><marc:datafield tag="650" ind1=" " ind2="0"><marc:subfield code="a">Anthropological linguistics.</marc:subfield></marc:datafield><marc:datafield tag="035" ind1=" " ind2=" "><marc:subfield code="a">(TxDaGIAL)37741100004350</marc:subfield></marc:datafield><marc:controlfield tag="005">20080624154430.0</marc:controlfield><marc:controlfield tag="001">466</marc:controlfield><marc:controlfield tag="003">TxDaGIAL</marc:controlfield><marc:datafield tag="852" ind1=" " ind2=" "><marc:subfield code="p">37741100004350</marc:subfield><marc:subfield code="a">Library</marc:subfield><marc:subfield code="9">$0.00</marc:subfield><marc:subfield code="x">COPYID:529</marc:subfield><marc:subfield code="x">FSC@aRegular@c19950530</marc:subfield><marc:subfield code="h">410 G798a 1968</marc:subfield><marc:subfield code="z">1000</marc:subfield></marc:datafield><marc:datafield tag="852" ind1=" " ind2=" "><marc:subfield code="p">37741100004351</marc:subfield><marc:subfield code="a">Library</marc:subfield><marc:subfield code="9">$0.00</marc:subfield><marc:subfield code="x">COPYID:530</marc:subfield><marc:subfield code="x">FSC@aRegular@c19950530</marc:subfield><marc:subfield code="h">410 G798a 1968</marc:subfield><marc:subfield code="z">3949</marc:subfield></marc:datafield></marc:record>