
<marc:record><marc:leader>00677nam a2200181 a 4500</marc:leader>
<marc:controlfield tag="008">970626s1957    dcu           000 0 eng d</marc:controlfield>
<marc:datafield tag="040" ind1=" " ind2=" "><marc:subfield code="a">TxDaGIAL</marc:subfield><marc:subfield code="c">TxDaGIAL</marc:subfield></marc:datafield><marc:datafield tag="245" ind1="0" ind2="0"><marc:subfield code="a">Anthropological papers ; numbers 49-56.</marc:subfield></marc:datafield><marc:datafield tag="260" ind1=" " ind2=" "><marc:subfield code="a">Washington, D.C. :</marc:subfield><marc:subfield code="b">Government Printing Office,</marc:subfield><marc:subfield code="c">1957.</marc:subfield></marc:datafield><marc:datafield tag="300" ind1=" " ind2=" "><marc:subfield code="a">x, 355 p. :</marc:subfield><marc:subfield code="b">ill. ;</marc:subfield><marc:subfield code="c">23 cm.</marc:subfield></marc:datafield><marc:datafield tag="440" ind1=" " ind2="0"><marc:subfield code="a">Smithsonian institution.</marc:subfield><marc:subfield code="p">Bureau of American Ethnology ;</marc:subfield><marc:subfield code="v">bulletin 164</marc:subfield></marc:datafield><marc:datafield tag="504" ind1=" " ind2=" "><marc:subfield code="a">Includes bibliographies and index.</marc:subfield></marc:datafield><marc:datafield tag="650" ind1=" " ind2="0"><marc:subfield code="a">Excavations (Archaeology)</marc:subfield></marc:datafield><marc:datafield tag="035" ind1=" " ind2=" "><marc:subfield code="a">(TxDaGIAL)37741100018707</marc:subfield></marc:datafield><marc:controlfield tag="005">20080624154431.0</marc:controlfield><marc:controlfield tag="001">471</marc:controlfield><marc:controlfield tag="003">TxDaGIAL</marc:controlfield><marc:datafield tag="852" ind1=" " ind2=" "><marc:subfield code="p">37741100018707</marc:subfield><marc:subfield code="a">Library</marc:subfield><marc:subfield code="x">COPYID:535</marc:subfield><marc:subfield code="x">FSC@aRegular@c19970627</marc:subfield><marc:subfield code="h">306.05 S664b 164 1957</marc:subfield><marc:subfield code="z">1972</marc:subfield></marc:datafield></marc:record>