
<marc:record><marc:leader>00959nam a2200193 a 4500</marc:leader>
<marc:controlfield tag="008">970626s1963    dcu           000 0 eng d</marc:controlfield>
<marc:datafield tag="040" ind1=" " ind2=" "><marc:subfield code="a">TxDaGIAL</marc:subfield><marc:subfield code="c">TxDaGIAL</marc:subfield></marc:datafield><marc:datafield tag="245" ind1="0" ind2="0"><marc:subfield code="a">Anthropological papers ; numbers 63-67.</marc:subfield></marc:datafield><marc:datafield tag="260" ind1=" " ind2=" "><marc:subfield code="a">Washington, D.C. :</marc:subfield><marc:subfield code="b">Government Printing Office,</marc:subfield><marc:subfield code="c">1960.</marc:subfield></marc:datafield><marc:datafield tag="300" ind1=" " ind2=" "><marc:subfield code="a">310 p. :</marc:subfield><marc:subfield code="b">ill. ;</marc:subfield><marc:subfield code="c">23 cm.</marc:subfield></marc:datafield><marc:datafield tag="440" ind1=" " ind2="0"><marc:subfield code="a">Smithsonian institution.</marc:subfield><marc:subfield code="p">Bureau of American Ethnology ;</marc:subfield><marc:subfield code="v">bulletin 186</marc:subfield></marc:datafield><marc:datafield tag="505" ind1="2" ind2=" "><marc:subfield code="a">64. Blackfoot Indian pipes and pipemaking / John C. Ewers -- 65. The Warihio Indians of Sonora-Chihuahua / Howard Scott Gentry -- 66. The Yaqui deer dance, a study of cultural change / Carleton Stafford Wilder -- 67. Chippewa mat-weaving techniques / Karen Daniels Petersen.</marc:subfield></marc:datafield><marc:datafield tag="504" ind1=" " ind2=" "><marc:subfield code="a">Includes bibliographies and index.</marc:subfield></marc:datafield><marc:datafield tag="650" ind1=" " ind2="0"><marc:subfield code="a">Excavations (Archaeology)</marc:subfield></marc:datafield><marc:datafield tag="035" ind1=" " ind2=" "><marc:subfield code="a">(TxDaGIAL)37741100018708</marc:subfield></marc:datafield><marc:controlfield tag="005">20080624154431.0</marc:controlfield><marc:controlfield tag="001">472</marc:controlfield><marc:controlfield tag="003">TxDaGIAL</marc:controlfield><marc:datafield tag="852" ind1=" " ind2=" "><marc:subfield code="p">37741100018708</marc:subfield><marc:subfield code="a">Library</marc:subfield><marc:subfield code="x">COPYID:536</marc:subfield><marc:subfield code="x">FSC@aRegular@c19970627</marc:subfield><marc:subfield code="h">306.05 S664b 186 1963</marc:subfield></marc:datafield></marc:record>