
<marc:record><marc:leader>01495cam a2200253Ia 4500</marc:leader>
<marc:controlfield tag="008">850903s1960    dcua     b   f00110 eng d</marc:controlfield>
<marc:datafield tag="035" ind1=" " ind2=" "><marc:subfield code="a">(CU-UC)3060080</marc:subfield></marc:datafield><marc:datafield tag="040" ind1=" " ind2=" "><marc:subfield code="a">XQM</marc:subfield><marc:subfield code="c">XQM</marc:subfield><marc:subfield code="d">CU-Riv</marc:subfield></marc:datafield><marc:datafield tag="043" ind1=" " ind2=" "><marc:subfield code="a">n------</marc:subfield></marc:datafield><marc:datafield tag="110" ind1="2" ind2="0"><marc:subfield code="a">Smithsonian Institution.</marc:subfield><marc:subfield code="b">Bureau of American Ethnology.</marc:subfield></marc:datafield><marc:datafield tag="245" ind1="1" ind2="0"><marc:subfield code="a">Anthropological papers, numbers 57-62.</marc:subfield></marc:datafield><marc:datafield tag="260" ind1="0" ind2=" "><marc:subfield code="a">Washington, D.C. :</marc:subfield><marc:subfield code="b">The Bureau ; for sale by Supt. of Docs., U.S.G.P.O.,</marc:subfield><marc:subfield code="c">1960.</marc:subfield></marc:datafield><marc:datafield tag="300" ind1=" " ind2=" "><marc:subfield code="a">498 p. :</marc:subfield><marc:subfield code="b">ill. ;</marc:subfield><marc:subfield code="c">23 cm.</marc:subfield></marc:datafield><marc:datafield tag="440" ind1=" " ind2="0"><marc:subfield code="a">Smithsonian institution.</marc:subfield><marc:subfield code="p">Bureau of American Ethnology ;</marc:subfield><marc:subfield code="v">bulletin 173</marc:subfield></marc:datafield><marc:datafield tag="504" ind1=" " ind2=" "><marc:subfield code="a">Includes bibliographies and index.</marc:subfield></marc:datafield><marc:datafield tag="505" ind1="0" ind2=" "><marc:subfield code="a">No. 57. Preceramic and ceramic cultural patterns in Northwest Virginia / C.G. Holland. No. 58. An introduction to Plains Apache Archeology-the dismal river aspect / James H. Gunnerson. No. 59. The use of the Atlatl on Lake Patzcuaro, Michoacan / M.W. Stirling. No. 60. A Caroline Islands script / Saul H. Riesenberg and Shigeru Kaneshiro. No. 61. Dakota winter counts as a source of plains history / James H. Howard. No. 62. Stone Tipi rings in North-Central Montana and the adjacent portion of Alberta, Canada: their historical, ethnological, and archeological aspects / Thomas F. Kehoe.</marc:subfield></marc:datafield><marc:datafield tag="546" ind1=" " ind2=" "><marc:subfield code="a">English.</marc:subfield></marc:datafield><marc:datafield tag="650" ind1=" " ind2="0"><marc:subfield code="a">Ethnology</marc:subfield><marc:subfield code="z">North America.</marc:subfield></marc:datafield><marc:datafield tag="650" ind1=" " ind2="0"><marc:subfield code="a">Indians of North America.</marc:subfield></marc:datafield><marc:datafield tag="035" ind1=" " ind2=" "><marc:subfield code="a">(TxDaGIAL)37741100018235</marc:subfield></marc:datafield><marc:controlfield tag="005">20080624154431.0</marc:controlfield><marc:controlfield tag="001">473</marc:controlfield><marc:controlfield tag="003">TxDaGIAL</marc:controlfield><marc:datafield tag="852" ind1=" " ind2=" "><marc:subfield code="p">37741100018235</marc:subfield><marc:subfield code="a">Library</marc:subfield><marc:subfield code="x">COPYID:537</marc:subfield><marc:subfield code="x">FSC@aRegular@c19970605</marc:subfield><marc:subfield code="h">306.05 S664b 173 1960</marc:subfield><marc:subfield code="z">2112</marc:subfield></marc:datafield></marc:record>