
<marc:record><marc:leader>02708nam a2200361Ia 4500</marc:leader>
<marc:controlfield tag="008">870708s1966    dcua         f001 0 eng d</marc:controlfield>
<marc:datafield tag="035" ind1=" " ind2=" "><marc:subfield code="a">(CU-UC)10359155</marc:subfield></marc:datafield><marc:datafield tag="040" ind1=" " ind2=" "><marc:subfield code="a">KKQ</marc:subfield><marc:subfield code="c">KKQ</marc:subfield><marc:subfield code="d">CU-Riv</marc:subfield><marc:subfield code="d">TxDaGIAL</marc:subfield></marc:datafield><marc:datafield tag="043" ind1=" " ind2=" "><marc:subfield code="a">n------</marc:subfield></marc:datafield><marc:datafield tag="110" ind1="2" ind2=" "><marc:subfield code="a">Smithsonian Institution.</marc:subfield><marc:subfield code="b">Bureau of American Ethnology.</marc:subfield></marc:datafield><marc:datafield tag="245" ind1="1" ind2="0"><marc:subfield code="a">Anthropological papers, numbers 75-80.</marc:subfield></marc:datafield><marc:datafield tag="260" ind1=" " ind2=" "><marc:subfield code="a">Washington, D.C. :</marc:subfield><marc:subfield code="b">U.S. Govt. Print. Off.,</marc:subfield><marc:subfield code="c">1966.</marc:subfield></marc:datafield><marc:datafield tag="300" ind1=" " ind2=" "><marc:subfield code="a">iii, 470 p., 4 p. of plates :</marc:subfield><marc:subfield code="b">ill. ;</marc:subfield><marc:subfield code="c">24 cm.</marc:subfield></marc:datafield><marc:datafield tag="440" ind1=" " ind2="0"><marc:subfield code="a">Smithsonian institution.</marc:subfield><marc:subfield code="p">Bureau of American Ethnology ;</marc:subfield><marc:subfield code="v">bulletin 196</marc:subfield></marc:datafield><marc:datafield tag="504" ind1=" " ind2=" "><marc:subfield code="a">Includes bibliographies and index.</marc:subfield></marc:datafield><marc:datafield tag="505" ind1="0" ind2=" "><marc:subfield code="a">No.75. Chronicles of Wolftown: social documents of the North Carolina Cherokees, 1850-1862 / Anna Gritts Kilpatrick and Jack Frederick Kilpatrick.--No.76. The gift of changing woman / Keith H. Basso.--No.77. The Wahnenauhi manuscript: historical sketches of the Cherokees, together with some of their customs, traditions, and superstitions / edited and with an introduction by Jack Frederick Kilpatrick.--No.78. The &quot;Principal People,&quot; 1960: a study of cultural and social groups of the eastern Cherokee / Harriet Jane Kupferer.--No.79. The Ramah Navaho/Clyde Kluckhohn.--No.80. Eastern Cherokee folktales: reconstructed from the field notes of Frans M. Olbrechts / Jack Frederick Kilpatrick and Anna Gritts Kilpatrick.</marc:subfield></marc:datafield><marc:datafield tag="546" ind1=" " ind2=" "><marc:subfield code="a">English.</marc:subfield></marc:datafield><marc:datafield tag="650" ind1=" " ind2="0"><marc:subfield code="a">Ethnology</marc:subfield><marc:subfield code="z">North America.</marc:subfield></marc:datafield><marc:datafield tag="650" ind1=" " ind2="0"><marc:subfield code="a">Indians of North America.</marc:subfield></marc:datafield><marc:datafield tag="700" ind1="1" ind2="2"><marc:subfield code="a">Kilpatrick, Anna Gritts.</marc:subfield><marc:subfield code="t">Chronicles of Wolftown: social documents of the North Carolina Cherokees, 1850-1862.</marc:subfield></marc:datafield><marc:datafield tag="700" ind1="1" ind2="2"><marc:subfield code="a">Kilpatrick, Jack Frederick.</marc:subfield><marc:subfield code="t">Chronicles of Wolftown: social documents of the North Carolina Cherokees, 1850-1862.</marc:subfield></marc:datafield><marc:datafield tag="700" ind1="1" ind2="2"><marc:subfield code="a">Basso, Keith H.,</marc:subfield><marc:subfield code="d">1940-</marc:subfield><marc:subfield code="t">Gift of changing woman.</marc:subfield></marc:datafield><marc:datafield tag="700" ind1="1" ind2="2"><marc:subfield code="a">Kilpatrick, Jack Frederick,</marc:subfield><marc:subfield code="e">ed.</marc:subfield><marc:subfield code="t">Wahnenauhi manuscript: historical sketches of the Cherokees, together with some of their customs, traditions, and superstitions.</marc:subfield></marc:datafield><marc:datafield tag="700" ind1="1" ind2="2"><marc:subfield code="a">Kupferer, Harriet J.</marc:subfield><marc:subfield code="t">&quot;Principal People,&quot; 1960: a study of cultural and social groups of the eastern Cherokee.</marc:subfield></marc:datafield><marc:datafield tag="700" ind1="1" ind2="2"><marc:subfield code="a">Kluckhohn, Clyde,</marc:subfield><marc:subfield code="d">1905-1960.</marc:subfield><marc:subfield code="t">Ramah Navaho.</marc:subfield></marc:datafield><marc:datafield tag="700" ind1="1" ind2="2"><marc:subfield code="a">Kilpatrick, Jack Frederick.</marc:subfield><marc:subfield code="t">Eastern Cherokee folktales: reconstructed from the field notes of Frans M. Olbrechts.</marc:subfield></marc:datafield><marc:datafield tag="700" ind1="1" ind2="2"><marc:subfield code="a">Kilpatrick, Anna Gritts.</marc:subfield><marc:subfield code="t">Eastern Cherokee folktales: reconstructed from the field notes of Frans M. Olbrechts.</marc:subfield></marc:datafield><marc:datafield tag="700" ind1="1" ind2="2"><marc:subfield code="a">Olbrechts, Frans M.,</marc:subfield><marc:subfield code="d">1899-</marc:subfield><marc:subfield code="t">Eastern Cherokee folktales: reconstructed from the field notes of Frans M. Olbrechts.</marc:subfield></marc:datafield><marc:datafield tag="035" ind1=" " ind2=" "><marc:subfield code="a">(TxDaGIAL)37741100018261</marc:subfield></marc:datafield><marc:controlfield tag="005">20080624154431.0</marc:controlfield><marc:controlfield tag="001">474</marc:controlfield><marc:controlfield tag="003">TxDaGIAL</marc:controlfield><marc:datafield tag="852" ind1=" " ind2=" "><marc:subfield code="p">37741100018261</marc:subfield><marc:subfield code="a">Library</marc:subfield><marc:subfield code="x">COPYID:538</marc:subfield><marc:subfield code="x">FSC@aRegular@c19970605</marc:subfield><marc:subfield code="h">306.05 S664b 196 1966</marc:subfield><marc:subfield code="z">3798</marc:subfield></marc:datafield></marc:record>