
<marc:record><marc:leader>01011nam a2200265 a 4500</marc:leader>
<marc:controlfield tag="008">940701s1994    miu      b    000 0 eng  </marc:controlfield>
<marc:datafield tag="010" ind1=" " ind2=" "><marc:subfield code="a">   94022638</marc:subfield></marc:datafield><marc:datafield tag="020" ind1=" " ind2=" "><marc:subfield code="a">0801043948</marc:subfield></marc:datafield><marc:datafield tag="040" ind1=" " ind2=" "><marc:subfield code="a">DLC</marc:subfield><marc:subfield code="c">DLC</marc:subfield><marc:subfield code="d">TxDaGIAL</marc:subfield></marc:datafield><marc:datafield tag="050" ind1="0" ind2="0"><marc:subfield code="a">BV2063</marc:subfield><marc:subfield code="b">.H46 1994</marc:subfield></marc:datafield><marc:datafield tag="082" ind1="0" ind2="0"><marc:subfield code="a">266/.001</marc:subfield><marc:subfield code="2">20</marc:subfield></marc:datafield><marc:datafield tag="100" ind1="1" ind2=" "><marc:subfield code="a">Hiebert, Paul G.,</marc:subfield><marc:subfield code="d">1932-</marc:subfield></marc:datafield><marc:datafield tag="245" ind1="1" ind2="0"><marc:subfield code="a">Anthropological reflections on missiological issues /</marc:subfield><marc:subfield code="c">by Paul G. Hiebert.</marc:subfield></marc:datafield><marc:datafield tag="260" ind1=" " ind2=" "><marc:subfield code="a">Grand Rapids, Mich. :</marc:subfield><marc:subfield code="b">Baker Books,</marc:subfield><marc:subfield code="c">c1994.</marc:subfield></marc:datafield><marc:datafield tag="300" ind1=" " ind2=" "><marc:subfield code="a">272 p. ;</marc:subfield><marc:subfield code="c">23 cm.</marc:subfield></marc:datafield><marc:datafield tag="504" ind1=" " ind2=" "><marc:subfield code="a">Includes bibliographical references.</marc:subfield></marc:datafield><marc:datafield tag="650" ind1=" " ind2="0"><marc:subfield code="a">Missions</marc:subfield><marc:subfield code="x">Theory.</marc:subfield></marc:datafield><marc:datafield tag="650" ind1=" " ind2="0"><marc:subfield code="a">Missions</marc:subfield><marc:subfield code="x">Anthropological aspects.</marc:subfield></marc:datafield><marc:datafield tag="650" ind1=" " ind2="0"><marc:subfield code="a">Christianity and culture.</marc:subfield></marc:datafield><marc:datafield tag="035" ind1=" " ind2=" "><marc:subfield code="a">(TxDaGIAL)37741100010401</marc:subfield></marc:datafield><marc:controlfield tag="005">20080624154432.0</marc:controlfield><marc:controlfield tag="001">476</marc:controlfield><marc:controlfield tag="003">TxDaGIAL</marc:controlfield><marc:datafield tag="852" ind1=" " ind2=" "><marc:subfield code="p">37741100010401</marc:subfield><marc:subfield code="a">Library</marc:subfield><marc:subfield code="9">$14.78</marc:subfield><marc:subfield code="x">FUND:Miss</marc:subfield><marc:subfield code="x">COPYID:540</marc:subfield><marc:subfield code="x">FSC@aRegular@c19960326</marc:subfield><marc:subfield code="h">266.001 H633a 1994</marc:subfield><marc:subfield code="z">B/T 12-95</marc:subfield></marc:datafield><marc:datafield tag="852" ind1=" " ind2=" "><marc:subfield code="p">37741100024469</marc:subfield><marc:subfield code="a">Library</marc:subfield><marc:subfield code="9">$16.10</marc:subfield><marc:subfield code="x">FUND:Miss</marc:subfield><marc:subfield code="x">COPYID:541</marc:subfield><marc:subfield code="x">FSC@aRegular@c20010207</marc:subfield><marc:subfield code="h">266.001 H633a 1994</marc:subfield><marc:subfield code="z">Direct Paul Setter 12-00</marc:subfield></marc:datafield></marc:record>