
<marc:record><marc:leader>00837cam a2200229 i 4500</marc:leader>
<marc:controlfield tag="008">700504s1970    nyua     b    00110 eng  </marc:controlfield>
<marc:datafield tag="010" ind1=" " ind2=" "><marc:subfield code="a">   76101538 //r83</marc:subfield></marc:datafield><marc:datafield tag="050" ind1="0" ind2=" "><marc:subfield code="a">GN33</marc:subfield><marc:subfield code="b">.P36</marc:subfield></marc:datafield><marc:datafield tag="082" ind1=" " ind2=" "><marc:subfield code="a">301.2/01/8</marc:subfield></marc:datafield><marc:datafield tag="100" ind1="1" ind2="0"><marc:subfield code="a">Pelto, Pertti J.</marc:subfield></marc:datafield><marc:datafield tag="245" ind1="1" ind2="0"><marc:subfield code="a">Anthropological research :</marc:subfield><marc:subfield code="b">the structure of inquiry /</marc:subfield><marc:subfield code="c">Pertti J. Pelto.</marc:subfield></marc:datafield><marc:datafield tag="260" ind1="0" ind2=" "><marc:subfield code="a">New York :</marc:subfield><marc:subfield code="b">Harper &amp; Row,</marc:subfield><marc:subfield code="c">c1970.</marc:subfield></marc:datafield><marc:datafield tag="300" ind1=" " ind2=" "><marc:subfield code="a">xiii, 370 p. :</marc:subfield><marc:subfield code="b">ill. ;</marc:subfield><marc:subfield code="c">24 cm.</marc:subfield></marc:datafield><marc:datafield tag="504" ind1=" " ind2=" "><marc:subfield code="a">Includes bibliographical references and indexes.</marc:subfield></marc:datafield><marc:datafield tag="650" ind1=" " ind2="0"><marc:subfield code="a">Ethnology</marc:subfield><marc:subfield code="x">Methodology.</marc:subfield></marc:datafield><marc:datafield tag="650" ind1=" " ind2="0"><marc:subfield code="a">Anthropology</marc:subfield><marc:subfield code="x">Research.</marc:subfield></marc:datafield><marc:datafield tag="035" ind1=" " ind2=" "><marc:subfield code="a">(TxDaGIAL)37741100009418</marc:subfield></marc:datafield><marc:controlfield tag="005">20080624154432.0</marc:controlfield><marc:controlfield tag="001">477</marc:controlfield><marc:controlfield tag="003">TxDaGIAL</marc:controlfield><marc:datafield tag="852" ind1=" " ind2=" "><marc:subfield code="p">37741100009418</marc:subfield><marc:subfield code="a">Library</marc:subfield><marc:subfield code="x">COPYID:542</marc:subfield><marc:subfield code="x">FSC@aRegular@c19951108</marc:subfield><marc:subfield code="h">305.8 P393a 1970</marc:subfield><marc:subfield code="z">5742</marc:subfield></marc:datafield><marc:datafield tag="852" ind1=" " ind2=" "><marc:subfield code="p">37741100009419</marc:subfield><marc:subfield code="a">Library</marc:subfield><marc:subfield code="x">COPYID:543</marc:subfield><marc:subfield code="x">FSC@aRegular@c19951108</marc:subfield><marc:subfield code="h">305.8 P393a 1970</marc:subfield><marc:subfield code="z">872</marc:subfield></marc:datafield></marc:record>