
<marc:record><marc:leader>01015cam a2200253 i 4500</marc:leader>
<marc:controlfield tag="008">800911s1976    nyu      b    00010 eng  </marc:controlfield>
<marc:datafield tag="010" ind1=" " ind2=" "><marc:subfield code="a">   80492497 //r913</marc:subfield></marc:datafield><marc:datafield tag="040" ind1=" " ind2=" "><marc:subfield code="a">DLC</marc:subfield><marc:subfield code="c">DLC</marc:subfield><marc:subfield code="d">DLC</marc:subfield></marc:datafield><marc:datafield tag="050" ind1="0" ind2="0"><marc:subfield code="a">GN454</marc:subfield><marc:subfield code="b">.A85 1975</marc:subfield></marc:datafield><marc:datafield tag="082" ind1="0" ind2="0"><marc:subfield code="a">394/.3</marc:subfield><marc:subfield code="2">19</marc:subfield></marc:datafield><marc:datafield tag="110" ind1="2" ind2="0"><marc:subfield code="a">Association for the Anthropological Study of Play.</marc:subfield><marc:subfield code="b">Meeting</marc:subfield><marc:subfield code="n">(1st :</marc:subfield><marc:subfield code="d">1975 :</marc:subfield><marc:subfield code="c">Detroit, Mich.)</marc:subfield></marc:datafield><marc:datafield tag="245" ind1="1" ind2="4"><marc:subfield code="a">The anthropological study of play :</marc:subfield><marc:subfield code="b">problems and prospects : proceedings of the First Annual Meeting of the Association for the Anthropological Study of Play /</marc:subfield><marc:subfield code="c">edited by David F. Lancy, B. Allan Tindall.</marc:subfield></marc:datafield><marc:datafield tag="260" ind1="0" ind2=" "><marc:subfield code="a">Cornwall, N.Y. :</marc:subfield><marc:subfield code="b">Leisure Press,</marc:subfield><marc:subfield code="c">[1976?]</marc:subfield></marc:datafield><marc:datafield tag="300" ind1=" " ind2=" "><marc:subfield code="a">vii, 245 p. ;</marc:subfield><marc:subfield code="c">23 cm.</marc:subfield></marc:datafield><marc:datafield tag="504" ind1=" " ind2=" "><marc:subfield code="a">Includes bibliographies.</marc:subfield></marc:datafield><marc:datafield tag="650" ind1=" " ind2="0"><marc:subfield code="a">Play</marc:subfield><marc:subfield code="v">Congresses.</marc:subfield></marc:datafield><marc:datafield tag="650" ind1=" " ind2="0"><marc:subfield code="a">Games</marc:subfield><marc:subfield code="v">Congresses.</marc:subfield></marc:datafield><marc:datafield tag="700" ind1="1" ind2="0"><marc:subfield code="a">Lancy, David F.</marc:subfield></marc:datafield><marc:datafield tag="700" ind1="1" ind2="0"><marc:subfield code="a">Tindall, B. Allan.</marc:subfield></marc:datafield><marc:datafield tag="035" ind1=" " ind2=" "><marc:subfield code="a">(TxDaGIAL)37741100002437</marc:subfield></marc:datafield><marc:controlfield tag="005">20080624154432.0</marc:controlfield><marc:controlfield tag="001">479</marc:controlfield><marc:controlfield tag="003">TxDaGIAL</marc:controlfield><marc:datafield tag="852" ind1=" " ind2=" "><marc:subfield code="p">37741100002437</marc:subfield><marc:subfield code="a">Library</marc:subfield><marc:subfield code="x">COPYID:545</marc:subfield><marc:subfield code="x">FSC@aRegular@c19960528</marc:subfield><marc:subfield code="h">394.3 A849a 1975</marc:subfield><marc:subfield code="z">1697</marc:subfield></marc:datafield></marc:record>