
<marc:record><marc:leader>00991pam a2200289 a 4500</marc:leader>
<marc:controlfield tag="008">890119s1989    nju      b   s00110 eng  </marc:controlfield>
<marc:datafield tag="010" ind1=" " ind2=" "><marc:subfield code="a">   89030378</marc:subfield></marc:datafield><marc:datafield tag="020" ind1=" " ind2=" "><marc:subfield code="a">0813514452 :</marc:subfield><marc:subfield code="c">$40.00 (est.)</marc:subfield></marc:datafield><marc:datafield tag="020" ind1=" " ind2=" "><marc:subfield code="a">0813514460 (pbk.) :</marc:subfield><marc:subfield code="c">$16.00 (est.)</marc:subfield></marc:datafield><marc:datafield tag="040" ind1=" " ind2=" "><marc:subfield code="a">DLC</marc:subfield><marc:subfield code="c">DLC</marc:subfield><marc:subfield code="d">DLC</marc:subfield></marc:datafield><marc:datafield tag="050" ind1="0" ind2="0"><marc:subfield code="a">GN448</marc:subfield><marc:subfield code="b">.R48 1989</marc:subfield></marc:datafield><marc:datafield tag="082" ind1="0" ind2="0"><marc:subfield code="a">306</marc:subfield><marc:subfield code="2">19</marc:subfield></marc:datafield><marc:datafield tag="100" ind1="1" ind2="0"><marc:subfield code="a">Roseberry, William,</marc:subfield><marc:subfield code="d">1950-</marc:subfield></marc:datafield><marc:datafield tag="245" ind1="1" ind2="0"><marc:subfield code="a">Anthropologies and histories :</marc:subfield><marc:subfield code="b">essays in culture, history, and political economy /</marc:subfield><marc:subfield code="c">William Roseberry.</marc:subfield></marc:datafield><marc:datafield tag="260" ind1="0" ind2=" "><marc:subfield code="a">New Brunswick :</marc:subfield><marc:subfield code="b">Rutgers University Press,</marc:subfield><marc:subfield code="c">c1989.</marc:subfield></marc:datafield><marc:datafield tag="300" ind1=" " ind2=" "><marc:subfield code="a">xiii, 278 p. ;</marc:subfield><marc:subfield code="c">24 cm.</marc:subfield></marc:datafield><marc:datafield tag="504" ind1=" " ind2=" "><marc:subfield code="a">Bibliography: p. [243]-267.</marc:subfield></marc:datafield><marc:datafield tag="500" ind1=" " ind2=" "><marc:subfield code="a">Includes index.</marc:subfield></marc:datafield><marc:datafield tag="650" ind1=" " ind2="0"><marc:subfield code="a">Economic anthropology.</marc:subfield></marc:datafield><marc:datafield tag="650" ind1=" " ind2="0"><marc:subfield code="a">Political anthropology.</marc:subfield></marc:datafield><marc:datafield tag="650" ind1=" " ind2="0"><marc:subfield code="a">Ethnology</marc:subfield><marc:subfield code="x">Philosophy.</marc:subfield></marc:datafield><marc:datafield tag="650" ind1=" " ind2="0"><marc:subfield code="a">Symbolism.</marc:subfield></marc:datafield><marc:datafield tag="035" ind1=" " ind2=" "><marc:subfield code="a">(TxDaGIAL)37741100009129</marc:subfield></marc:datafield><marc:controlfield tag="005">20080624154432.0</marc:controlfield><marc:controlfield tag="001">480</marc:controlfield><marc:controlfield tag="003">TxDaGIAL</marc:controlfield><marc:datafield tag="852" ind1=" " ind2=" "><marc:subfield code="p">37741100009129</marc:subfield><marc:subfield code="a">Library</marc:subfield><marc:subfield code="9">$14.60</marc:subfield><marc:subfield code="x">COPYID:546</marc:subfield><marc:subfield code="x">FSC@aRegular@c19951026</marc:subfield><marc:subfield code="h">301 R798 1989</marc:subfield><marc:subfield code="z">6-91</marc:subfield></marc:datafield></marc:record>