
<marc:record><marc:leader>00756cam a22002291  4500</marc:leader>
<marc:controlfield tag="008">711108s1964    njua     b    00000 eng  </marc:controlfield>
<marc:datafield tag="010" ind1=" " ind2=" "><marc:subfield code="a">   64004694 //r86</marc:subfield></marc:datafield><marc:datafield tag="040" ind1=" " ind2=" "><marc:subfield code="a">DLC</marc:subfield><marc:subfield code="c">DLC</marc:subfield><marc:subfield code="d">TxDaGIAL</marc:subfield></marc:datafield><marc:datafield tag="050" ind1="0" ind2=" "><marc:subfield code="a">GN6</marc:subfield><marc:subfield code="b">.M4</marc:subfield></marc:datafield><marc:datafield tag="082" ind1=" " ind2=" "><marc:subfield code="a">572</marc:subfield></marc:datafield><marc:datafield tag="100" ind1="1" ind2="0"><marc:subfield code="a">Mead, Margaret,</marc:subfield><marc:subfield code="d">1901-1978.</marc:subfield></marc:datafield><marc:datafield tag="245" ind1="1" ind2="0"><marc:subfield code="a">Anthropology, a human science :</marc:subfield><marc:subfield code="b">selected papers, 1939-1960. /</marc:subfield><marc:subfield code="c">by Margaret Mead.</marc:subfield></marc:datafield><marc:datafield tag="260" ind1="0" ind2=" "><marc:subfield code="a">Princeton, N.J. :</marc:subfield><marc:subfield code="b">Van Nostrand,</marc:subfield><marc:subfield code="c">[1964]</marc:subfield></marc:datafield><marc:datafield tag="300" ind1=" " ind2=" "><marc:subfield code="a">viii, 260 p. :</marc:subfield><marc:subfield code="b">illus. ;</marc:subfield><marc:subfield code="c">18 cm.</marc:subfield></marc:datafield><marc:datafield tag="490" ind1="0" ind2=" "><marc:subfield code="a">An insight book ;</marc:subfield><marc:subfield code="v">22</marc:subfield></marc:datafield><marc:datafield tag="504" ind1=" " ind2=" "><marc:subfield code="a">Bibliography: p. 247-260.</marc:subfield></marc:datafield><marc:datafield tag="650" ind1=" " ind2="0"><marc:subfield code="a">Anthropology.</marc:subfield></marc:datafield><marc:datafield tag="035" ind1=" " ind2=" "><marc:subfield code="a">(TxDaGIAL)37741100007312</marc:subfield></marc:datafield><marc:controlfield tag="005">20080624154433.0</marc:controlfield><marc:controlfield tag="001">481</marc:controlfield><marc:controlfield tag="003">TxDaGIAL</marc:controlfield><marc:datafield tag="852" ind1=" " ind2=" "><marc:subfield code="p">37741100007312</marc:subfield><marc:subfield code="a">Library</marc:subfield><marc:subfield code="x">COPYID:547</marc:subfield><marc:subfield code="x">FSC@aRegular@c19950825</marc:subfield><marc:subfield code="h">301 M479a 1964</marc:subfield><marc:subfield code="z">8607</marc:subfield></marc:datafield></marc:record>