
<marc:record><marc:leader>00727cam a2200217 i 4500</marc:leader>
<marc:controlfield tag="008">711014s1937    nyuab    b    001 0 eng  </marc:controlfield>
<marc:datafield tag="040" ind1=" " ind2=" "><marc:subfield code="d">TxDaGIAL</marc:subfield></marc:datafield><marc:datafield tag="050" ind1="0" ind2="4"><marc:subfield code="a">GN315</marc:subfield><marc:subfield code="b">.G56 1937</marc:subfield></marc:datafield><marc:datafield tag="082" ind1="0" ind2="0"><marc:subfield code="a">301.2</marc:subfield></marc:datafield><marc:datafield tag="100" ind1="1" ind2="0"><marc:subfield code="a">Goldenweiser, Alexander,</marc:subfield><marc:subfield code="d">1880-1940.</marc:subfield></marc:datafield><marc:datafield tag="245" ind1="1" ind2="0"><marc:subfield code="a">Anthropology :</marc:subfield><marc:subfield code="b">an introduction to primitive culture. /</marc:subfield><marc:subfield code="c">by Alexander Goldenweiser.</marc:subfield></marc:datafield><marc:datafield tag="260" ind1="0" ind2=" "><marc:subfield code="a">New York :</marc:subfield><marc:subfield code="b">F.S. Crofts,</marc:subfield><marc:subfield code="c">[c1937]</marc:subfield></marc:datafield><marc:datafield tag="300" ind1=" " ind2=" "><marc:subfield code="a">xxi, 550 p. :</marc:subfield><marc:subfield code="b">illus., maps. ;</marc:subfield><marc:subfield code="c">24 cm.</marc:subfield></marc:datafield><marc:datafield tag="504" ind1=" " ind2=" "><marc:subfield code="a">Bibliography: p. [527]-537.</marc:subfield></marc:datafield><marc:datafield tag="650" ind1=" " ind2="0"><marc:subfield code="a">Ethnology.</marc:subfield></marc:datafield><marc:datafield tag="650" ind1=" " ind2="0"><marc:subfield code="a">Societies, Primitive.</marc:subfield></marc:datafield><marc:datafield tag="035" ind1=" " ind2=" "><marc:subfield code="a">(TxDaGIAL)37741100018151</marc:subfield></marc:datafield><marc:controlfield tag="005">20080624154433.0</marc:controlfield><marc:controlfield tag="001">482</marc:controlfield><marc:controlfield tag="003">TxDaGIAL</marc:controlfield><marc:datafield tag="852" ind1=" " ind2=" "><marc:subfield code="p">37741100018151</marc:subfield><marc:subfield code="a">Library</marc:subfield><marc:subfield code="x">COPYID:548</marc:subfield><marc:subfield code="x">FSC@aRegular@c19970522</marc:subfield><marc:subfield code="h">305.8 G618a 1937</marc:subfield></marc:datafield></marc:record>