
<marc:record><marc:leader>00888pam a2200241 a 4500</marc:leader>
<marc:controlfield tag="008">940509s1994    vau      b   s001 0 eng  </marc:controlfield>
<marc:datafield tag="010" ind1=" " ind2=" "><marc:subfield code="a">   93040047</marc:subfield></marc:datafield><marc:datafield tag="020" ind1=" " ind2=" "><marc:subfield code="a">0813915058 (pbk.) :</marc:subfield><marc:subfield code="c">$9.95</marc:subfield></marc:datafield><marc:datafield tag="040" ind1=" " ind2=" "><marc:subfield code="a">DLC</marc:subfield><marc:subfield code="c">DLC</marc:subfield><marc:subfield code="d">DLC</marc:subfield></marc:datafield><marc:datafield tag="043" ind1=" " ind2=" "><marc:subfield code="a">f------</marc:subfield></marc:datafield><marc:datafield tag="050" ind1="0" ind2="0"><marc:subfield code="a">GN308.3.A35</marc:subfield><marc:subfield code="b">M66 1994</marc:subfield></marc:datafield><marc:datafield tag="082" ind1="0" ind2="0"><marc:subfield code="a">301/.096</marc:subfield><marc:subfield code="2">20</marc:subfield></marc:datafield><marc:datafield tag="100" ind1="1" ind2=" "><marc:subfield code="a">Moore, Sally Falk,</marc:subfield><marc:subfield code="d">1924-</marc:subfield></marc:datafield><marc:datafield tag="245" ind1="1" ind2="0"><marc:subfield code="a">Anthropology and Africa :</marc:subfield><marc:subfield code="b">changing perspectives on a changing scene /</marc:subfield><marc:subfield code="c">by Sally Falk Moore.</marc:subfield></marc:datafield><marc:datafield tag="260" ind1=" " ind2=" "><marc:subfield code="a">Charlottesville :</marc:subfield><marc:subfield code="b">University Press of Virginia,</marc:subfield><marc:subfield code="c">1994.</marc:subfield></marc:datafield><marc:datafield tag="300" ind1=" " ind2=" "><marc:subfield code="a">vii, 165 p. ;</marc:subfield><marc:subfield code="c">23 cm.</marc:subfield></marc:datafield><marc:datafield tag="504" ind1=" " ind2=" "><marc:subfield code="a">Includes bibliographical references (p. 135-160) and indexes.</marc:subfield></marc:datafield><marc:datafield tag="650" ind1=" " ind2="0"><marc:subfield code="a">Ethnology</marc:subfield><marc:subfield code="z">Africa</marc:subfield><marc:subfield code="x">History.</marc:subfield></marc:datafield><marc:datafield tag="035" ind1=" " ind2=" "><marc:subfield code="a">(TxDaGIAL)37741100010398</marc:subfield></marc:datafield><marc:controlfield tag="005">20080624154433.0</marc:controlfield><marc:controlfield tag="001">483</marc:controlfield><marc:controlfield tag="003">TxDaGIAL</marc:controlfield><marc:datafield tag="852" ind1=" " ind2=" "><marc:subfield code="p">37741100010398</marc:subfield><marc:subfield code="a">Library</marc:subfield><marc:subfield code="9">$8.66</marc:subfield><marc:subfield code="x">FUND:AL-Ethn</marc:subfield><marc:subfield code="x">COPYID:549</marc:subfield><marc:subfield code="x">FSC@aRegular@c19960326</marc:subfield><marc:subfield code="h">301.096 M824a 1994</marc:subfield><marc:subfield code="z">B/T 2-96</marc:subfield></marc:datafield></marc:record>