
<marc:record><marc:leader>01341cam a2200325 a 4500</marc:leader>
<marc:controlfield tag="008">850822s1986    cou      b    00100 eng  </marc:controlfield>
<marc:datafield tag="010" ind1=" " ind2=" "><marc:subfield code="a">   85020274 //r892</marc:subfield></marc:datafield><marc:datafield tag="020" ind1=" " ind2=" "><marc:subfield code="a">081337149X (pbk.) :</marc:subfield><marc:subfield code="c">$22.50</marc:subfield></marc:datafield><marc:datafield tag="040" ind1=" " ind2=" "><marc:subfield code="a">DLC</marc:subfield><marc:subfield code="c">DLC</marc:subfield><marc:subfield code="d">DLC</marc:subfield><marc:subfield code="d">OCoLC</marc:subfield></marc:datafield><marc:datafield tag="043" ind1=" " ind2=" "><marc:subfield code="a">fw-----</marc:subfield></marc:datafield><marc:datafield tag="050" ind1="0" ind2="0"><marc:subfield code="a">GN397.7.A358</marc:subfield><marc:subfield code="b">A57 1986</marc:subfield></marc:datafield><marc:datafield tag="082" ind1="0" ind2="0"><marc:subfield code="a">307/.14/0966</marc:subfield><marc:subfield code="2">19</marc:subfield></marc:datafield><marc:datafield tag="245" ind1="0" ind2="0"><marc:subfield code="a">Anthropology and rural development in West Africa /</marc:subfield><marc:subfield code="c">edited by Michael M. Horowitz and Thomas M. Painter ; foreword by Michael M. Cernea.</marc:subfield></marc:datafield><marc:datafield tag="260" ind1="0" ind2=" "><marc:subfield code="a">Boulder :</marc:subfield><marc:subfield code="b">Westview Press,</marc:subfield><marc:subfield code="c">c1986.</marc:subfield></marc:datafield><marc:datafield tag="300" ind1=" " ind2=" "><marc:subfield code="a">xv, 323 p. :</marc:subfield><marc:subfield code="b">maps ;</marc:subfield><marc:subfield code="c">23 cm.</marc:subfield></marc:datafield><marc:datafield tag="490" ind1="1" ind2=" "><marc:subfield code="a">Monographs in development anthropology</marc:subfield></marc:datafield><marc:datafield tag="504" ind1=" " ind2=" "><marc:subfield code="a">Bibliography: p. 275-319.</marc:subfield></marc:datafield><marc:datafield tag="500" ind1=" " ind2=" "><marc:subfield code="a">Includes index.</marc:subfield></marc:datafield><marc:datafield tag="650" ind1=" " ind2="0"><marc:subfield code="a">Applied anthropology</marc:subfield><marc:subfield code="z">Africa, West.</marc:subfield></marc:datafield><marc:datafield tag="650" ind1=" " ind2="0"><marc:subfield code="a">Rural development</marc:subfield><marc:subfield code="z">Africa, West.</marc:subfield></marc:datafield><marc:datafield tag="650" ind1=" " ind2="0"><marc:subfield code="a">Technical assistance</marc:subfield><marc:subfield code="z">Africa, West</marc:subfield><marc:subfield code="x">Anthropological aspects.</marc:subfield></marc:datafield><marc:datafield tag="700" ind1="1" ind2="0"><marc:subfield code="a">Horowitz, Michael M.,</marc:subfield><marc:subfield code="d">1933-</marc:subfield></marc:datafield><marc:datafield tag="700" ind1="1" ind2="0"><marc:subfield code="a">Painter, Thomas M.,</marc:subfield><marc:subfield code="d">1943-</marc:subfield></marc:datafield><marc:datafield tag="830" ind1=" " ind2="0"><marc:subfield code="a">Monograph in development anthropology (Boulder, Colo.)</marc:subfield></marc:datafield><marc:datafield tag="035" ind1=" " ind2=" "><marc:subfield code="a">(TxDaGIAL)37741100007503</marc:subfield></marc:datafield><marc:controlfield tag="005">20080624154434.0</marc:controlfield><marc:controlfield tag="001">488</marc:controlfield><marc:controlfield tag="003">TxDaGIAL</marc:controlfield><marc:datafield tag="852" ind1=" " ind2=" "><marc:subfield code="p">37741100007503</marc:subfield><marc:subfield code="a">Library</marc:subfield><marc:subfield code="9">$27.71</marc:subfield><marc:subfield code="x">COPYID:555</marc:subfield><marc:subfield code="x">FSC@aRegular@c19950831</marc:subfield><marc:subfield code="h">307.140966 A628h 1986</marc:subfield><marc:subfield code="z">4-89</marc:subfield></marc:datafield><marc:datafield tag="852" ind1=" " ind2=" "><marc:subfield code="p">37741100007504</marc:subfield><marc:subfield code="a">Library</marc:subfield><marc:subfield code="9">$27.71</marc:subfield><marc:subfield code="x">COPYID:556</marc:subfield><marc:subfield code="x">FSC@aRegular@c19950831</marc:subfield><marc:subfield code="h">307.140966 A628h 1986</marc:subfield><marc:subfield code="z">12419</marc:subfield></marc:datafield></marc:record>