
<marc:record><marc:leader>00906nam a2200241 i 4500</marc:leader>
<marc:controlfield tag="008">750814s1975    dcu      b    00000 eng  </marc:controlfield>
<marc:datafield tag="010" ind1=" " ind2=" "><marc:subfield code="a">   75321715</marc:subfield></marc:datafield><marc:datafield tag="040" ind1=" " ind2=" "><marc:subfield code="a">DLC</marc:subfield><marc:subfield code="c">DLC</marc:subfield><marc:subfield code="d">DLC</marc:subfield></marc:datafield><marc:datafield tag="050" ind1="0" ind2=" "><marc:subfield code="a">GN397.5</marc:subfield><marc:subfield code="b">.A57</marc:subfield></marc:datafield><marc:datafield tag="082" ind1=" " ind2=" "><marc:subfield code="a">301.2</marc:subfield></marc:datafield><marc:datafield tag="245" ind1="0" ind2="0"><marc:subfield code="a">Anthropology and society /</marc:subfield><marc:subfield code="c">edited by Bela C. Maday.</marc:subfield></marc:datafield><marc:datafield tag="260" ind1="0" ind2=" "><marc:subfield code="a">Washington :</marc:subfield><marc:subfield code="b">Anthropological Society of Washington,</marc:subfield><marc:subfield code="c">[1975]</marc:subfield></marc:datafield><marc:datafield tag="300" ind1=" " ind2=" "><marc:subfield code="a">ix, 116 p. ;</marc:subfield><marc:subfield code="c">24 cm.</marc:subfield></marc:datafield><marc:datafield tag="500" ind1=" " ind2=" "><marc:subfield code="a">&quot;The papers in this volume represent the 1973-74 series of lectures before the Anthropological Society of Washington.&quot;</marc:subfield></marc:datafield><marc:datafield tag="504" ind1=" " ind2=" "><marc:subfield code="a">Includes bibliographies.</marc:subfield></marc:datafield><marc:datafield tag="650" ind1=" " ind2="0"><marc:subfield code="a">Applied anthropology.</marc:subfield></marc:datafield><marc:datafield tag="700" ind1="1" ind2="0"><marc:subfield code="a">Maday, Bela C.</marc:subfield></marc:datafield><marc:datafield tag="710" ind1="2" ind2="0"><marc:subfield code="a">Anthropological Society of Washington (Washington, D.C.)</marc:subfield></marc:datafield><marc:datafield tag="035" ind1=" " ind2=" "><marc:subfield code="a">(TxDaGIAL)37741100002397</marc:subfield></marc:datafield><marc:controlfield tag="005">20080624154435.0</marc:controlfield><marc:controlfield tag="001">489</marc:controlfield><marc:controlfield tag="003">TxDaGIAL</marc:controlfield><marc:datafield tag="852" ind1=" " ind2=" "><marc:subfield code="p">37741100002397</marc:subfield><marc:subfield code="a">Library</marc:subfield><marc:subfield code="9">$6.60</marc:subfield><marc:subfield code="x">COPYID:557</marc:subfield><marc:subfield code="x">FSC@aRegular@c19950317</marc:subfield><marc:subfield code="h">301 A628m 1975</marc:subfield><marc:subfield code="z">B/T 3-91</marc:subfield></marc:datafield></marc:record>