
<marc:record><marc:leader>00973cam a2200253   4500</marc:leader>
<marc:controlfield tag="008">730523s1973    gau      b    00000 eng  </marc:controlfield>
<marc:datafield tag="010" ind1=" " ind2=" "><marc:subfield code="a">   73076784 //r88</marc:subfield></marc:datafield><marc:datafield tag="020" ind1=" " ind2=" "><marc:subfield code="a">0820303151</marc:subfield></marc:datafield><marc:datafield tag="040" ind1=" " ind2=" "><marc:subfield code="a">DLC</marc:subfield><marc:subfield code="c">DLC</marc:subfield><marc:subfield code="d">DLC</marc:subfield><marc:subfield code="d">TxDaGIAL</marc:subfield></marc:datafield><marc:datafield tag="050" ind1="0" ind2=" "><marc:subfield code="a">GN2</marc:subfield><marc:subfield code="b">.S9243 no. 7</marc:subfield><marc:subfield code="a">GN41.8</marc:subfield></marc:datafield><marc:datafield tag="082" ind1=" " ind2=" "><marc:subfield code="a">301.2 s</marc:subfield><marc:subfield code="a">301.2/023</marc:subfield></marc:datafield><marc:datafield tag="110" ind1="2" ind2="0"><marc:subfield code="a">Southern Anthropological Society.</marc:subfield></marc:datafield><marc:datafield tag="245" ind1="1" ind2="0"><marc:subfield code="a">Anthropology beyond the university. :</marc:subfield><marc:subfield code="b">Alden Redfield, editor.</marc:subfield></marc:datafield><marc:datafield tag="260" ind1="0" ind2=" "><marc:subfield code="a">Athens :</marc:subfield><marc:subfield code="b">Distributed by the University of Georgia Press,</marc:subfield><marc:subfield code="c">c1973.</marc:subfield></marc:datafield><marc:datafield tag="300" ind1=" " ind2=" "><marc:subfield code="a">134 p. ;</marc:subfield><marc:subfield code="c">23 cm.</marc:subfield></marc:datafield><marc:datafield tag="500" ind1=" " ind2=" "><marc:subfield code="a">Papers presented at the 7th annual meeting of the Southern Anthropological Society, Columbia, Mo., Feb. 24-26, 1972.</marc:subfield></marc:datafield><marc:datafield tag="504" ind1=" " ind2=" "><marc:subfield code="a">Includes bibliographies.</marc:subfield></marc:datafield><marc:datafield tag="650" ind1=" " ind2="0"><marc:subfield code="a">Anthropology</marc:subfield><marc:subfield code="x">Vocational guidance.</marc:subfield></marc:datafield><marc:datafield tag="700" ind1="1" ind2="0"><marc:subfield code="a">Redfield, Alden,</marc:subfield><marc:subfield code="e">ed.</marc:subfield></marc:datafield><marc:datafield tag="035" ind1=" " ind2=" "><marc:subfield code="a">(TxDaGIAL)37741100001279</marc:subfield></marc:datafield><marc:controlfield tag="005">20080624154435.0</marc:controlfield><marc:controlfield tag="001">491</marc:controlfield><marc:controlfield tag="003">TxDaGIAL</marc:controlfield><marc:datafield tag="852" ind1=" " ind2=" "><marc:subfield code="p">37741100001279</marc:subfield><marc:subfield code="a">Library</marc:subfield><marc:subfield code="x">COPYID:559</marc:subfield><marc:subfield code="x">FSC@aRegular@c19950208</marc:subfield><marc:subfield code="h">301.023 S727a 1973</marc:subfield><marc:subfield code="z">4540</marc:subfield></marc:datafield></marc:record>