
<marc:record><marc:leader>00690cam a2200205Ii 4500</marc:leader>
<marc:controlfield tag="008">881115s1923    nyuab         000 0 engm </marc:controlfield>
<marc:datafield tag="010" ind1=" " ind2=" "><marc:subfield code="a">   23016060 //r33</marc:subfield><marc:subfield code="o">00419684</marc:subfield></marc:datafield><marc:datafield tag="040" ind1=" " ind2=" "><marc:subfield code="a">DLC</marc:subfield><marc:subfield code="c">OUN</marc:subfield><marc:subfield code="d">SER</marc:subfield></marc:datafield><marc:datafield tag="050" ind1="0" ind2=" "><marc:subfield code="a">GN24</marc:subfield><marc:subfield code="b">.K7</marc:subfield></marc:datafield><marc:datafield tag="082" ind1=" " ind2=" "><marc:subfield code="a">572</marc:subfield></marc:datafield><marc:datafield tag="100" ind1="1" ind2=" "><marc:subfield code="a">Kroeber, A. L.</marc:subfield><marc:subfield code="q">(Alfred Louis),</marc:subfield><marc:subfield code="d">1876-1960.</marc:subfield></marc:datafield><marc:datafield tag="245" ind1="1" ind2="0"><marc:subfield code="a">Anthropology /</marc:subfield><marc:subfield code="c">by A.L. Kroeber.</marc:subfield></marc:datafield><marc:datafield tag="260" ind1=" " ind2=" "><marc:subfield code="a">New York :</marc:subfield><marc:subfield code="b">Harcourt, Brace and Company,</marc:subfield><marc:subfield code="c">[c1923]</marc:subfield></marc:datafield><marc:datafield tag="300" ind1=" " ind2=" "><marc:subfield code="a">x, 523 p. :</marc:subfield><marc:subfield code="b">illus., maps (part fold.) diagrs. (1 fold.) ;</marc:subfield><marc:subfield code="c">23 cm.</marc:subfield></marc:datafield><marc:datafield tag="650" ind1=" " ind2="0"><marc:subfield code="a">Anthropology.</marc:subfield></marc:datafield><marc:datafield tag="035" ind1=" " ind2=" "><marc:subfield code="a">(TxDaGIAL)37741100018150</marc:subfield></marc:datafield><marc:controlfield tag="005">20080624154435.0</marc:controlfield><marc:controlfield tag="001">492</marc:controlfield><marc:controlfield tag="003">TxDaGIAL</marc:controlfield><marc:datafield tag="852" ind1=" " ind2=" "><marc:subfield code="p">37741100018150</marc:subfield><marc:subfield code="a">Library</marc:subfield><marc:subfield code="x">COPYID:560</marc:subfield><marc:subfield code="x">FSC@aRegular@c19970522</marc:subfield><marc:subfield code="h">301 K93a 1923</marc:subfield><marc:subfield code="z">559</marc:subfield></marc:datafield></marc:record>