
<marc:record><marc:leader>00752cam a2200229 i 4500</marc:leader>
<marc:controlfield tag="008">750716s1975    maua     b    00000 eng  </marc:controlfield>
<marc:datafield tag="010" ind1=" " ind2=" "><marc:subfield code="a">   75005066 //r86</marc:subfield></marc:datafield><marc:datafield tag="040" ind1=" " ind2=" "><marc:subfield code="a">DLC</marc:subfield><marc:subfield code="c">DLC</marc:subfield><marc:subfield code="d">DLC</marc:subfield></marc:datafield><marc:datafield tag="050" ind1="0" ind2=" "><marc:subfield code="a">GN29</marc:subfield><marc:subfield code="b">.A59 1975</marc:subfield></marc:datafield><marc:datafield tag="082" ind1=" " ind2=" "><marc:subfield code="a">301.2</marc:subfield></marc:datafield><marc:datafield tag="245" ind1="0" ind2="0"><marc:subfield code="a">Anthropology :</marc:subfield><marc:subfield code="b">contemporary perspectives /</marc:subfield><marc:subfield code="c">edited by David E. Hunter and Phillip Whitten.</marc:subfield></marc:datafield><marc:datafield tag="260" ind1="0" ind2=" "><marc:subfield code="a">Boston :</marc:subfield><marc:subfield code="b">Educational Associates,</marc:subfield><marc:subfield code="c">[1975]</marc:subfield></marc:datafield><marc:datafield tag="300" ind1=" " ind2=" "><marc:subfield code="a">xii, 385 p. :</marc:subfield><marc:subfield code="b">ill. ;</marc:subfield><marc:subfield code="c">28 cm.</marc:subfield></marc:datafield><marc:datafield tag="504" ind1=" " ind2=" "><marc:subfield code="a">Includes bibliographies.</marc:subfield></marc:datafield><marc:datafield tag="650" ind1=" " ind2="0"><marc:subfield code="a">Anthropology.</marc:subfield></marc:datafield><marc:datafield tag="700" ind1="1" ind2="0"><marc:subfield code="a">Hunter, David E.</marc:subfield></marc:datafield><marc:datafield tag="700" ind1="1" ind2="0"><marc:subfield code="a">Whitten, Phillip.</marc:subfield></marc:datafield><marc:datafield tag="035" ind1=" " ind2=" "><marc:subfield code="a">(TxDaGIAL)37741100001183</marc:subfield></marc:datafield><marc:controlfield tag="005">20080624154436.0</marc:controlfield><marc:controlfield tag="001">494</marc:controlfield><marc:controlfield tag="003">TxDaGIAL</marc:controlfield><marc:datafield tag="852" ind1=" " ind2=" "><marc:subfield code="p">37741100001183</marc:subfield><marc:subfield code="a">Library</marc:subfield><marc:subfield code="x">COPYID:562</marc:subfield><marc:subfield code="x">FSC@aRegular@c19950124</marc:subfield><marc:subfield code="h">301 A628h 1975</marc:subfield><marc:subfield code="z">5971</marc:subfield></marc:datafield></marc:record>