
<marc:record><marc:leader>00823cam a2200229 a 4500</marc:leader>
<marc:controlfield tag="008">811125s1982    nyua     b    00100 eng  </marc:controlfield>
<marc:datafield tag="010" ind1=" " ind2=" "><marc:subfield code="a">   81069764 //r91</marc:subfield></marc:datafield><marc:datafield tag="020" ind1=" " ind2=" "><marc:subfield code="a">0029064309 (pbk.)</marc:subfield></marc:datafield><marc:datafield tag="040" ind1=" " ind2=" "><marc:subfield code="a">DLC</marc:subfield><marc:subfield code="c">DLC</marc:subfield><marc:subfield code="d">DLC</marc:subfield><marc:subfield code="d">OCoLC</marc:subfield></marc:datafield><marc:datafield tag="050" ind1="0" ind2="0"><marc:subfield code="a">GN316</marc:subfield><marc:subfield code="b">.A57</marc:subfield></marc:datafield><marc:datafield tag="082" ind1="0" ind2="0"><marc:subfield code="a">306</marc:subfield><marc:subfield code="2">19</marc:subfield></marc:datafield><marc:datafield tag="245" ind1="0" ind2="0"><marc:subfield code="a">Anthropology for the eighties :</marc:subfield><marc:subfield code="b">introductory readings /</marc:subfield><marc:subfield code="c">edited by Johnnetta B. Cole.</marc:subfield></marc:datafield><marc:datafield tag="260" ind1="0" ind2=" "><marc:subfield code="a">New York :</marc:subfield><marc:subfield code="b">The Free Press ;</marc:subfield><marc:subfield code="a">London :</marc:subfield><marc:subfield code="b">Collier Macmillan,</marc:subfield><marc:subfield code="c">c1982.</marc:subfield></marc:datafield><marc:datafield tag="300" ind1=" " ind2=" "><marc:subfield code="a">xxiv, 552 p. :</marc:subfield><marc:subfield code="b">ill. ;</marc:subfield><marc:subfield code="c">24 cm.</marc:subfield></marc:datafield><marc:datafield tag="504" ind1=" " ind2=" "><marc:subfield code="a">Includes bibliographical references and index.</marc:subfield></marc:datafield><marc:datafield tag="650" ind1=" " ind2="0"><marc:subfield code="a">Ethnology.</marc:subfield></marc:datafield><marc:datafield tag="700" ind1="1" ind2="0"><marc:subfield code="a">Cole, Johnnetta B.</marc:subfield></marc:datafield><marc:datafield tag="035" ind1=" " ind2=" "><marc:subfield code="a">(TxDaGIAL)37741100009082</marc:subfield></marc:datafield><marc:controlfield tag="005">20080624154436.0</marc:controlfield><marc:controlfield tag="001">496</marc:controlfield><marc:controlfield tag="003">TxDaGIAL</marc:controlfield><marc:datafield tag="852" ind1=" " ind2=" "><marc:subfield code="p">37741100009082</marc:subfield><marc:subfield code="a">Library</marc:subfield><marc:subfield code="x">COPYID:564</marc:subfield><marc:subfield code="x">FSC@aRegular@c19951026</marc:subfield><marc:subfield code="h">305.8 A628 1982</marc:subfield><marc:subfield code="z">Gift Marvin K. Mayers; 8673</marc:subfield></marc:datafield></marc:record>