
<marc:record><marc:leader>01000cam a2200277 i 4500</marc:leader>
<marc:controlfield tag="008">741031s1974    azu      b    00110 eng  </marc:controlfield>
<marc:datafield tag="010" ind1=" " ind2=" "><marc:subfield code="a">   74187782 //r88</marc:subfield></marc:datafield><marc:datafield tag="020" ind1=" " ind2=" "><marc:subfield code="a">0816504512</marc:subfield></marc:datafield><marc:datafield tag="040" ind1=" " ind2=" "><marc:subfield code="a">DLC</marc:subfield><marc:subfield code="c">DLC</marc:subfield><marc:subfield code="d">TxDaGIAL</marc:subfield></marc:datafield><marc:datafield tag="050" ind1="0" ind2=" "><marc:subfield code="a">GN33</marc:subfield><marc:subfield code="b">.H59</marc:subfield></marc:datafield><marc:datafield tag="082" ind1=" " ind2=" "><marc:subfield code="a">301.2</marc:subfield></marc:datafield><marc:datafield tag="100" ind1="1" ind2="0"><marc:subfield code="a">Hodgen, Margaret T.</marc:subfield><marc:subfield code="q">(Margaret Trabue),</marc:subfield><marc:subfield code="d">1890-</marc:subfield></marc:datafield><marc:datafield tag="245" ind1="1" ind2="0"><marc:subfield code="a">Anthropology, history, and cultural change /</marc:subfield><marc:subfield code="c">Margaret T. Hodgen.</marc:subfield></marc:datafield><marc:datafield tag="260" ind1="0" ind2=" "><marc:subfield code="a">Tucson :</marc:subfield><marc:subfield code="b">Published for the Wenner-Gren Foundation for Anthropological Research [by] University of Arizona Press,</marc:subfield><marc:subfield code="c">c1974.</marc:subfield></marc:datafield><marc:datafield tag="300" ind1=" " ind2=" "><marc:subfield code="a">vii, 108 p. :</marc:subfield><marc:subfield code="b">maps ;</marc:subfield><marc:subfield code="c">23 cm.</marc:subfield></marc:datafield><marc:datafield tag="440" ind1=" " ind2="0"><marc:subfield code="a">Viking Fund publications in anthropology ;</marc:subfield><marc:subfield code="v">no. 52</marc:subfield></marc:datafield><marc:datafield tag="504" ind1=" " ind2=" "><marc:subfield code="a">Bibliography: p. 97-104.</marc:subfield></marc:datafield><marc:datafield tag="500" ind1=" " ind2=" "><marc:subfield code="a">Includes index.</marc:subfield></marc:datafield><marc:datafield tag="650" ind1=" " ind2="0"><marc:subfield code="a">Anthropology</marc:subfield><marc:subfield code="x">Methodology.</marc:subfield></marc:datafield><marc:datafield tag="650" ind1=" " ind2="0"><marc:subfield code="a">Social change.</marc:subfield></marc:datafield><marc:datafield tag="650" ind1=" " ind2="0"><marc:subfield code="a">History.</marc:subfield></marc:datafield><marc:datafield tag="035" ind1=" " ind2=" "><marc:subfield code="a">(TxDaGIAL)37741100008806</marc:subfield></marc:datafield><marc:controlfield tag="005">20080624154436.0</marc:controlfield><marc:controlfield tag="001">497</marc:controlfield><marc:controlfield tag="003">TxDaGIAL</marc:controlfield><marc:datafield tag="852" ind1=" " ind2=" "><marc:subfield code="p">37741100008806</marc:subfield><marc:subfield code="a">Library</marc:subfield><marc:subfield code="x">COPYID:565</marc:subfield><marc:subfield code="x">FSC@aRegular@c19951017</marc:subfield><marc:subfield code="h">306.01 H688a 1974</marc:subfield><marc:subfield code="z">4438</marc:subfield></marc:datafield></marc:record>