
<marc:record><marc:leader>01075nam a2200265 a 4500</marc:leader>
<marc:controlfield tag="008">811218s1980    nyu      b    00110 eng  </marc:controlfield>
<marc:datafield tag="010" ind1=" " ind2=" "><marc:subfield code="a">   81166767</marc:subfield></marc:datafield><marc:datafield tag="020" ind1=" " ind2=" "><marc:subfield code="a">0913178667 (pbk.)</marc:subfield></marc:datafield><marc:datafield tag="040" ind1=" " ind2=" "><marc:subfield code="a">DLC</marc:subfield><marc:subfield code="c">DLC</marc:subfield><marc:subfield code="d">TxDaGIAL</marc:subfield></marc:datafield><marc:datafield tag="050" ind1="0" ind2=" "><marc:subfield code="a">Z5118.A54</marc:subfield><marc:subfield code="b">V36</marc:subfield><marc:subfield code="a">GN397.5</marc:subfield></marc:datafield><marc:datafield tag="082" ind1="0" ind2=" "><marc:subfield code="a">016.306</marc:subfield><marc:subfield code="2">19</marc:subfield></marc:datafield><marc:datafield tag="100" ind1="1" ind2="0"><marc:subfield code="a">Van Willigen, John.</marc:subfield></marc:datafield><marc:datafield tag="245" ind1="1" ind2="0"><marc:subfield code="a">Anthropology in use :</marc:subfield><marc:subfield code="b">a bibliographic chronology of the development of applied anthropology /</marc:subfield><marc:subfield code="c">John van Willigen.</marc:subfield></marc:datafield><marc:datafield tag="260" ind1="0" ind2=" "><marc:subfield code="a">Pleasantville, N.Y. :</marc:subfield><marc:subfield code="b">Redgrave Pub. Co.,</marc:subfield><marc:subfield code="c">c1980.</marc:subfield></marc:datafield><marc:datafield tag="300" ind1=" " ind2=" "><marc:subfield code="a">ca. 150 p. ;</marc:subfield><marc:subfield code="c">22 cm.</marc:subfield></marc:datafield><marc:datafield tag="500" ind1=" " ind2=" "><marc:subfield code="a">Prepared in conjunction with the Applied Anthropology Documentation Project at the Margaret I. King Library of the University of Kentucky.</marc:subfield></marc:datafield><marc:datafield tag="500" ind1=" " ind2=" "><marc:subfield code="a">Includes indexes.</marc:subfield></marc:datafield><marc:datafield tag="650" ind1=" " ind2="0"><marc:subfield code="a">Applied anthropology</marc:subfield><marc:subfield code="v">Bibliography.</marc:subfield></marc:datafield><marc:datafield tag="650" ind1=" " ind2="0"><marc:subfield code="a">Applied anthropology</marc:subfield><marc:subfield code="x">History</marc:subfield><marc:subfield code="v">Chronology.</marc:subfield></marc:datafield><marc:datafield tag="710" ind1="2" ind2="0"><marc:subfield code="a">University of Kentucky.</marc:subfield><marc:subfield code="b">Libraries.</marc:subfield></marc:datafield><marc:datafield tag="035" ind1=" " ind2=" "><marc:subfield code="a">(TxDaGIAL)37741100006175</marc:subfield></marc:datafield><marc:controlfield tag="005">20080624154437.0</marc:controlfield><marc:controlfield tag="001">498</marc:controlfield><marc:controlfield tag="003">TxDaGIAL</marc:controlfield><marc:datafield tag="852" ind1=" " ind2=" "><marc:subfield code="p">37741100006175</marc:subfield><marc:subfield code="a">Library</marc:subfield><marc:subfield code="x">COPYID:566</marc:subfield><marc:subfield code="x">FSC@aRegular@c19950803</marc:subfield><marc:subfield code="h">016.306 V285a 1980</marc:subfield><marc:subfield code="z">8447</marc:subfield></marc:datafield></marc:record>