
<marc:record><marc:leader>00613ntm a2200181 a 4500</marc:leader>
<marc:controlfield tag="008">971030s1983    xx            000 0 eng d</marc:controlfield>
<marc:datafield tag="040" ind1=" " ind2=" "><marc:subfield code="a">TxDaGIAL</marc:subfield><marc:subfield code="c">TxDaGIAL</marc:subfield></marc:datafield><marc:datafield tag="100" ind1="1" ind2=" "><marc:subfield code="a">Benjamin, Geoffrey.</marc:subfield></marc:datafield><marc:datafield tag="245" ind1="1" ind2="4"><marc:subfield code="a">The anthropology of grammar: self and other in Temiar</marc:subfield><marc:subfield code="h">[manuscript] /</marc:subfield><marc:subfield code="c">Geoffrey Benjamin.</marc:subfield></marc:datafield><marc:datafield tag="260" ind1=" " ind2=" "><marc:subfield code="c">1983.</marc:subfield></marc:datafield><marc:datafield tag="300" ind1=" " ind2=" "><marc:subfield code="a">115, [xiii] p. ;</marc:subfield><marc:subfield code="c">29 cm.</marc:subfield></marc:datafield><marc:datafield tag="504" ind1=" " ind2=" "><marc:subfield code="a">Includes bibliographical references.</marc:subfield></marc:datafield><marc:datafield tag="650" ind1=" " ind2="0"><marc:subfield code="a">Temiar language.</marc:subfield></marc:datafield><marc:datafield tag="035" ind1=" " ind2=" "><marc:subfield code="a">(TxDaGIAL)37741100021545</marc:subfield></marc:datafield><marc:controlfield tag="005">20080624154438.0</marc:controlfield><marc:controlfield tag="001">503</marc:controlfield><marc:controlfield tag="003">TxDaGIAL</marc:controlfield><marc:datafield tag="852" ind1=" " ind2=" "><marc:subfield code="p">37741100021545</marc:subfield><marc:subfield code="a">Library</marc:subfield><marc:subfield code="x">COPYID:571</marc:subfield><marc:subfield code="x">FSC@aRegular@c19971031</marc:subfield><marc:subfield code="h">495.93 B468 1983</marc:subfield><marc:subfield code="z">12616</marc:subfield></marc:datafield></marc:record>