
<marc:record><marc:leader>01174cam a2200337 a 4500</marc:leader>
<marc:controlfield tag="008">820804s1983    nyua     b    001 0 eng  </marc:controlfield>
<marc:datafield tag="010" ind1=" " ind2=" "><marc:subfield code="a">   82015102 //r932</marc:subfield></marc:datafield><marc:datafield tag="020" ind1=" " ind2=" "><marc:subfield code="a">0030621925</marc:subfield></marc:datafield><marc:datafield tag="040" ind1=" " ind2=" "><marc:subfield code="a">DLC</marc:subfield><marc:subfield code="c">DLC</marc:subfield><marc:subfield code="d">DLC</marc:subfield></marc:datafield><marc:datafield tag="050" ind1="0" ind2="0"><marc:subfield code="a">GN296</marc:subfield><marc:subfield code="b">.A57 1983</marc:subfield></marc:datafield><marc:datafield tag="060" ind1=" " ind2=" "><marc:subfield code="a">WB 50.1 R761a</marc:subfield></marc:datafield><marc:datafield tag="082" ind1="0" ind2="0"><marc:subfield code="a">306/.46</marc:subfield><marc:subfield code="2">19</marc:subfield></marc:datafield><marc:datafield tag="245" ind1="0" ind2="4"><marc:subfield code="a">The anthropology of medicine :</marc:subfield><marc:subfield code="b">from culture to method /</marc:subfield><marc:subfield code="c">Lola Romanucci-Ross, Daniel E. Moerman, Laurence R. Tancredi, and contributors.</marc:subfield></marc:datafield><marc:datafield tag="260" ind1="0" ind2=" "><marc:subfield code="a">New York, N.Y. :</marc:subfield><marc:subfield code="b">Praeger,</marc:subfield><marc:subfield code="c">1983.</marc:subfield></marc:datafield><marc:datafield tag="300" ind1=" " ind2=" "><marc:subfield code="a">xiii, 400 p. :</marc:subfield><marc:subfield code="b">ill. ;</marc:subfield><marc:subfield code="c">24 cm.</marc:subfield></marc:datafield><marc:datafield tag="504" ind1=" " ind2=" "><marc:subfield code="a">Includes bibliographies and index.</marc:subfield></marc:datafield><marc:datafield tag="650" ind1=" " ind2="0"><marc:subfield code="a">Medical anthropology.</marc:subfield></marc:datafield><marc:datafield tag="650" ind1=" " ind2="0"><marc:subfield code="a">Traditional medicine.</marc:subfield></marc:datafield><marc:datafield tag="650" ind1=" " ind2="0"><marc:subfield code="a">Materia medica, Vegetable.</marc:subfield></marc:datafield><marc:datafield tag="650" ind1=" " ind2="0"><marc:subfield code="a">Mental illness</marc:subfield><marc:subfield code="x">Social aspects.</marc:subfield></marc:datafield><marc:datafield tag="650" ind1=" " ind2="0"><marc:subfield code="a">Psychiatry, Transcultural.</marc:subfield></marc:datafield><marc:datafield tag="650" ind1=" " ind2="2"><marc:subfield code="a">Anthropology, Cultural.</marc:subfield></marc:datafield><marc:datafield tag="650" ind1=" " ind2="2"><marc:subfield code="a">Medicine, Traditional.</marc:subfield></marc:datafield><marc:datafield tag="700" ind1="1" ind2="0"><marc:subfield code="a">Romanucci-Ross, Lola.</marc:subfield></marc:datafield><marc:datafield tag="700" ind1="1" ind2="0"><marc:subfield code="a">Moerman, Daniel E.</marc:subfield></marc:datafield><marc:datafield tag="700" ind1="1" ind2="0"><marc:subfield code="a">Tancredi, Laurence R.</marc:subfield></marc:datafield><marc:datafield tag="035" ind1=" " ind2=" "><marc:subfield code="a">(TxDaGIAL)37741100009083</marc:subfield></marc:datafield><marc:controlfield tag="005">20080624154438.0</marc:controlfield><marc:controlfield tag="001">504</marc:controlfield><marc:controlfield tag="003">TxDaGIAL</marc:controlfield><marc:datafield tag="852" ind1=" " ind2=" "><marc:subfield code="p">37741100009083</marc:subfield><marc:subfield code="a">Library</marc:subfield><marc:subfield code="x">COPYID:572</marc:subfield><marc:subfield code="x">FSC@aRegular@c19951026</marc:subfield><marc:subfield code="h">306.461 A628r 1983</marc:subfield><marc:subfield code="z">11275</marc:subfield></marc:datafield></marc:record>