
<marc:record><marc:leader>00734cam a2200229 i 4500</marc:leader>
<marc:controlfield tag="008">721101s1964    ilug     b    00010 eng  </marc:controlfield>
<marc:datafield tag="010" ind1=" " ind2=" "><marc:subfield code="a">   64022711 /MN</marc:subfield></marc:datafield><marc:datafield tag="035" ind1=" " ind2=" "><marc:subfield code="a">(OCoLC)00484109</marc:subfield></marc:datafield><marc:datafield tag="040" ind1=" " ind2=" "><marc:subfield code="d">SER</marc:subfield><marc:subfield code="d">m.c.</marc:subfield></marc:datafield><marc:datafield tag="050" ind1=" " ind2=" "><marc:subfield code="a">ML3797</marc:subfield><marc:subfield code="b">.M49</marc:subfield></marc:datafield><marc:datafield tag="082" ind1=" " ind2=" "><marc:subfield code="a">781.7</marc:subfield></marc:datafield><marc:datafield tag="100" ind1="1" ind2="0"><marc:subfield code="a">Merriam, Alan P.,</marc:subfield><marc:subfield code="d">1923-</marc:subfield><marc:subfield code="w">cn.</marc:subfield></marc:datafield><marc:datafield tag="245" ind1="1" ind2="4"><marc:subfield code="a">The anthropology of music /</marc:subfield><marc:subfield code="c">Alan P. Merriam.</marc:subfield></marc:datafield><marc:datafield tag="260" ind1="0" ind2=" "><marc:subfield code="a">&lt;Evanston, Ill.&gt; :</marc:subfield><marc:subfield code="b">Northwestern University Press,</marc:subfield><marc:subfield code="c">1964.</marc:subfield></marc:datafield><marc:datafield tag="300" ind1=" " ind2=" "><marc:subfield code="a">xi, 358 p. :</marc:subfield><marc:subfield code="b">music. ;</marc:subfield><marc:subfield code="c">24 cm.</marc:subfield></marc:datafield><marc:datafield tag="504" ind1=" " ind2=" "><marc:subfield code="a">Bibliography: p. 321-343.</marc:subfield></marc:datafield><marc:datafield tag="650" ind1=" " ind2="0"><marc:subfield code="a">Ethnomusicology.</marc:subfield></marc:datafield><marc:datafield tag="035" ind1=" " ind2=" "><marc:subfield code="a">(TxDaGIAL)37741100019458</marc:subfield></marc:datafield><marc:controlfield tag="005">20080624154438.0</marc:controlfield><marc:controlfield tag="001">505</marc:controlfield><marc:controlfield tag="003">TxDaGIAL</marc:controlfield><marc:datafield tag="852" ind1=" " ind2=" "><marc:subfield code="p">37741100019458</marc:subfield><marc:subfield code="a">Library</marc:subfield><marc:subfield code="9">$13.46</marc:subfield><marc:subfield code="x">COPYID:573</marc:subfield><marc:subfield code="x">FSC@aRegular@c19970805</marc:subfield><marc:subfield code="h">780.89 M568a 1964</marc:subfield></marc:datafield></marc:record>