
<marc:record><marc:leader>00926cam a2200265 i 4500</marc:leader>
<marc:controlfield tag="008">761119s1977    nyua     b    00100 eng  </marc:controlfield>
<marc:datafield tag="010" ind1=" " ind2=" "><marc:subfield code="a">   76009150 //r91</marc:subfield></marc:datafield><marc:datafield tag="020" ind1=" " ind2=" "><marc:subfield code="a">0122615506</marc:subfield></marc:datafield><marc:datafield tag="040" ind1=" " ind2=" "><marc:subfield code="a">DLC</marc:subfield><marc:subfield code="c">DLC</marc:subfield><marc:subfield code="d">DLC</marc:subfield></marc:datafield><marc:datafield tag="050" ind1="0" ind2="0"><marc:subfield code="a">GN320</marc:subfield><marc:subfield code="b">.A53</marc:subfield></marc:datafield><marc:datafield tag="082" ind1="0" ind2="0"><marc:subfield code="a">301.15/5</marc:subfield></marc:datafield><marc:datafield tag="245" ind1="0" ind2="4"><marc:subfield code="a">The Anthropology of power :</marc:subfield><marc:subfield code="b">ethnographic studies from Asia, Oceania, and the New World /</marc:subfield><marc:subfield code="c">edited by Raymond D. Fogelson, Richard N. Adams.</marc:subfield></marc:datafield><marc:datafield tag="260" ind1="0" ind2=" "><marc:subfield code="a">New York :</marc:subfield><marc:subfield code="b">Academic Press,</marc:subfield><marc:subfield code="c">c1977.</marc:subfield></marc:datafield><marc:datafield tag="300" ind1=" " ind2=" "><marc:subfield code="a">xiv, 429 p. :</marc:subfield><marc:subfield code="b">ill. ;</marc:subfield><marc:subfield code="c">24 cm.</marc:subfield></marc:datafield><marc:datafield tag="490" ind1="0" ind2=" "><marc:subfield code="a">Studies in anthropology</marc:subfield></marc:datafield><marc:datafield tag="504" ind1=" " ind2=" "><marc:subfield code="a">Includes bibliographies and index.</marc:subfield></marc:datafield><marc:datafield tag="650" ind1=" " ind2="0"><marc:subfield code="a">Power (Social sciences)</marc:subfield></marc:datafield><marc:datafield tag="650" ind1=" " ind2="0"><marc:subfield code="a">Ethnology.</marc:subfield></marc:datafield><marc:datafield tag="700" ind1="1" ind2="0"><marc:subfield code="a">Fogelson, Raymond.</marc:subfield></marc:datafield><marc:datafield tag="700" ind1="1" ind2="0"><marc:subfield code="a">Adams, Richard Newbold,</marc:subfield><marc:subfield code="d">1924-</marc:subfield></marc:datafield><marc:datafield tag="035" ind1=" " ind2=" "><marc:subfield code="a">(TxDaGIAL)37741100001106</marc:subfield></marc:datafield><marc:controlfield tag="005">20080624154439.0</marc:controlfield><marc:controlfield tag="001">506</marc:controlfield><marc:controlfield tag="003">TxDaGIAL</marc:controlfield><marc:datafield tag="852" ind1=" " ind2=" "><marc:subfield code="p">37741100001106</marc:subfield><marc:subfield code="a">Library</marc:subfield><marc:subfield code="x">COPYID:574</marc:subfield><marc:subfield code="x">FSC@aRegular@c19950111</marc:subfield><marc:subfield code="h">301.155 A628f 1977</marc:subfield><marc:subfield code="z">4938</marc:subfield></marc:datafield></marc:record>