
<marc:record><marc:leader>01130nam a22003011  4500</marc:leader>
<marc:controlfield tag="008">940809s1983    pau           001 0 eng d</marc:controlfield>
<marc:datafield tag="010" ind1=" " ind2=" "><marc:subfield code="a">82-23703 //r84</marc:subfield></marc:datafield><marc:datafield tag="020" ind1=" " ind2=" "><marc:subfield code="a">0812278798 :</marc:subfield><marc:subfield code="c">$25.00</marc:subfield></marc:datafield><marc:datafield tag="040" ind1=" " ind2=" "><marc:subfield code="a">DLC</marc:subfield><marc:subfield code="c">TxDaGIAL</marc:subfield><marc:subfield code="d">TxDaGIAL</marc:subfield></marc:datafield><marc:datafield tag="050" ind1=" " ind2=" "><marc:subfield code="a">E99.N3</marc:subfield><marc:subfield code="b">P56 1983</marc:subfield></marc:datafield><marc:datafield tag="082" ind1=" " ind2=" "><marc:subfield code="a">306/.08997</marc:subfield><marc:subfield code="2">20</marc:subfield></marc:datafield><marc:datafield tag="100" ind1="1" ind2=" "><marc:subfield code="a">Pinxten, Rik.</marc:subfield></marc:datafield><marc:datafield tag="245" ind1="1" ind2="0"><marc:subfield code="a">Anthropology of space :</marc:subfield><marc:subfield code="b">explorations into the natural philosophy and semantics of the Navajo /</marc:subfield><marc:subfield code="c">Rik Pinxten, Ingrid van Dooren, Frank Harvey.</marc:subfield></marc:datafield><marc:datafield tag="260" ind1=" " ind2=" "><marc:subfield code="a">Philadelphia :</marc:subfield><marc:subfield code="b">University of Pennsylvania Press,</marc:subfield><marc:subfield code="c">1983.</marc:subfield></marc:datafield><marc:datafield tag="300" ind1=" " ind2=" "><marc:subfield code="a">x, 240 p. ;</marc:subfield><marc:subfield code="c">24 cm.</marc:subfield></marc:datafield><marc:datafield tag="500" ind1=" " ind2=" "><marc:subfield code="a">Includes indexes.</marc:subfield></marc:datafield><marc:datafield tag="504" ind1=" " ind2=" "><marc:subfield code="a">Bibliography: p. [227]-236.</marc:subfield></marc:datafield><marc:datafield tag="650" ind1=" " ind2="0"><marc:subfield code="a">Navajo philosophy.</marc:subfield></marc:datafield><marc:datafield tag="650" ind1=" " ind2="0"><marc:subfield code="a">Navajo language</marc:subfield><marc:subfield code="x">Semantics.</marc:subfield></marc:datafield><marc:datafield tag="650" ind1=" " ind2="0"><marc:subfield code="a">Space perception</marc:subfield><marc:subfield code="v">Case studies.</marc:subfield></marc:datafield><marc:datafield tag="650" ind1=" " ind2="0"><marc:subfield code="a">Cognition and culture</marc:subfield><marc:subfield code="z">Southwest, New</marc:subfield><marc:subfield code="x">Philosophy.</marc:subfield></marc:datafield><marc:datafield tag="700" ind1="1" ind2="0"><marc:subfield code="a">Van Dooren, Ingrid.</marc:subfield></marc:datafield><marc:datafield tag="700" ind1="1" ind2="0"><marc:subfield code="a">Harvey, Frank.</marc:subfield></marc:datafield><marc:datafield tag="035" ind1=" " ind2=" "><marc:subfield code="a">(TxDaGIAL)37741100000245</marc:subfield></marc:datafield><marc:controlfield tag="005">20080624154439.0</marc:controlfield><marc:controlfield tag="001">507</marc:controlfield><marc:controlfield tag="003">TxDaGIAL</marc:controlfield><marc:datafield tag="852" ind1=" " ind2=" "><marc:subfield code="p">37741100000245</marc:subfield><marc:subfield code="a">Library</marc:subfield><marc:subfield code="9">$10.00</marc:subfield><marc:subfield code="x">COPYID:575</marc:subfield><marc:subfield code="x">FSC@aRegular@c19940810</marc:subfield><marc:subfield code="h">306.08997 P659a 1983</marc:subfield><marc:subfield code="z">purchased from K. McElhanon</marc:subfield></marc:datafield></marc:record>