
<marc:record><marc:leader>00867nam a2200253 i 4500</marc:leader>
<marc:controlfield tag="008">740930s1966    enk           00100 eng d</marc:controlfield>
<marc:datafield tag="020" ind1=" " ind2=" "><marc:subfield code="a">0194377121</marc:subfield></marc:datafield><marc:datafield tag="035" ind1=" " ind2=" "><marc:subfield code="a">(OCoLC)01025579</marc:subfield></marc:datafield><marc:datafield tag="040" ind1=" " ind2=" "><marc:subfield code="c">WBU</marc:subfield><marc:subfield code="d">IUL</marc:subfield></marc:datafield><marc:datafield tag="100" ind1="1" ind2="0"><marc:subfield code="a">Clarke, M. J.</marc:subfield></marc:datafield><marc:datafield tag="245" ind1="1" ind2="0"><marc:subfield code="a">Anthropology, psychology, education, language, and philosophy.</marc:subfield></marc:datafield><marc:datafield tag="260" ind1="0" ind2=" "><marc:subfield code="a">London :</marc:subfield><marc:subfield code="b">Oxford University Press,</marc:subfield><marc:subfield code="c">&lt;1966&gt;.</marc:subfield></marc:datafield><marc:datafield tag="300" ind1=" " ind2=" "><marc:subfield code="a">ix, 209 p. ;</marc:subfield><marc:subfield code="c">22 cm.</marc:subfield></marc:datafield><marc:datafield tag="490" ind1="1" ind2=" "><marc:subfield code="a">English studies series ;</marc:subfield><marc:subfield code="v">2</marc:subfield></marc:datafield><marc:datafield tag="650" ind1=" " ind2="0"><marc:subfield code="a">Readers (Secondary)</marc:subfield></marc:datafield><marc:datafield tag="650" ind1=" " ind2="0"><marc:subfield code="a">English language</marc:subfield><marc:subfield code="x">Study and teaching (Secondary)</marc:subfield></marc:datafield><marc:datafield tag="650" ind1=" " ind2="0"><marc:subfield code="a">Readers</marc:subfield><marc:subfield code="x">Social sciences.</marc:subfield></marc:datafield><marc:datafield tag="650" ind1=" " ind2="0"><marc:subfield code="a">Social sciences</marc:subfield><marc:subfield code="x">Study and teaching (Secondary)</marc:subfield></marc:datafield><marc:datafield tag="830" ind1=" " ind2="0"><marc:subfield code="a">English studies series ;</marc:subfield><marc:subfield code="v">2.</marc:subfield></marc:datafield><marc:datafield tag="035" ind1=" " ind2=" "><marc:subfield code="a">(TxDaGIAL)37741100021388</marc:subfield></marc:datafield><marc:controlfield tag="005">20080624154439.0</marc:controlfield><marc:controlfield tag="001">508</marc:controlfield><marc:controlfield tag="003">TxDaGIAL</marc:controlfield><marc:datafield tag="852" ind1=" " ind2=" "><marc:subfield code="p">37741100021388</marc:subfield><marc:subfield code="a">Library</marc:subfield><marc:subfield code="x">COPYID:576</marc:subfield><marc:subfield code="x">FSC@aRegular@c19971028</marc:subfield><marc:subfield code="h">428.64 C599a 1966</marc:subfield></marc:datafield></marc:record>