
<marc:record><marc:leader>00722cam a2200205Si 4500</marc:leader>
<marc:controlfield tag="008">741213 1948    nyu           00000 eng u</marc:controlfield>
<marc:datafield tag="010" ind1=" " ind2=" "><marc:subfield code="a">   48006956</marc:subfield><marc:subfield code="o">01110781</marc:subfield></marc:datafield><marc:datafield tag="040" ind1=" " ind2=" "><marc:subfield code="c">OUN</marc:subfield><marc:subfield code="d">MBB</marc:subfield></marc:datafield><marc:datafield tag="100" ind1="1" ind2="0"><marc:subfield code="a">Kroeber, A. L.</marc:subfield><marc:subfield code="q">(Alfred Louis),</marc:subfield><marc:subfield code="d">1876-1960.</marc:subfield></marc:datafield><marc:datafield tag="245" ind1="1" ind2="0"><marc:subfield code="a">Anthropology :</marc:subfield><marc:subfield code="b">race, language, culture, psychology, pre-history.</marc:subfield></marc:datafield><marc:datafield tag="250" ind1=" " ind2=" "><marc:subfield code="a">[New ed., rev.].</marc:subfield></marc:datafield><marc:datafield tag="260" ind1="0" ind2=" "><marc:subfield code="a">New York :</marc:subfield><marc:subfield code="b">Harcourt, Brace,</marc:subfield><marc:subfield code="c">[1948]</marc:subfield></marc:datafield><marc:datafield tag="300" ind1=" " ind2=" "><marc:subfield code="a"> xii, 856, xxxix p. :</marc:subfield><marc:subfield code="b">illus., maps. ;</marc:subfield><marc:subfield code="c">24 cm.</marc:subfield></marc:datafield><marc:datafield tag="504" ind1=" " ind2=" "><marc:subfield code="a">&quot;Correspondences and sources&quot;: p. [851]-856.</marc:subfield></marc:datafield><marc:datafield tag="650" ind1=" " ind2="0"><marc:subfield code="a">Anthropology.</marc:subfield></marc:datafield><marc:datafield tag="035" ind1=" " ind2=" "><marc:subfield code="a">(TxDaGIAL)37741100018149</marc:subfield></marc:datafield><marc:controlfield tag="005">20080624154439.0</marc:controlfield><marc:controlfield tag="001">509</marc:controlfield><marc:controlfield tag="003">TxDaGIAL</marc:controlfield><marc:datafield tag="852" ind1=" " ind2=" "><marc:subfield code="p">37741100018149</marc:subfield><marc:subfield code="a">Library</marc:subfield><marc:subfield code="x">COPYID:577</marc:subfield><marc:subfield code="x">FSC@aRegular@c19970522</marc:subfield><marc:subfield code="h">301 K93a 1948</marc:subfield></marc:datafield></marc:record>