
<marc:record><marc:leader>00857cam a2200253   4500</marc:leader>
<marc:controlfield tag="008">720614s1972    nyua     b    00110 eng  </marc:controlfield>
<marc:datafield tag="010" ind1=" " ind2=" "><marc:subfield code="a">   71037097 //r84</marc:subfield></marc:datafield><marc:datafield tag="020" ind1=" " ind2=" "><marc:subfield code="a">0070291373</marc:subfield></marc:datafield><marc:datafield tag="040" ind1=" " ind2=" "><marc:subfield code="a">DLC</marc:subfield><marc:subfield code="c">DLC</marc:subfield><marc:subfield code="d">TxDaGIAL</marc:subfield></marc:datafield><marc:datafield tag="050" ind1="0" ind2=" "><marc:subfield code="a">GN24</marc:subfield><marc:subfield code="b">.H64 1972</marc:subfield></marc:datafield><marc:datafield tag="082" ind1=" " ind2=" "><marc:subfield code="a">301.2</marc:subfield></marc:datafield><marc:datafield tag="100" ind1="1" ind2="0"><marc:subfield code="a">Hoebel, E. Adamson</marc:subfield><marc:subfield code="q">(Edward Adamson),</marc:subfield><marc:subfield code="d">1906-</marc:subfield></marc:datafield><marc:datafield tag="245" ind1="1" ind2="0"><marc:subfield code="a">Anthropology :</marc:subfield><marc:subfield code="b">the study of man /</marc:subfield><marc:subfield code="c">[by] E. Adamson Hoebel.</marc:subfield></marc:datafield><marc:datafield tag="250" ind1=" " ind2=" "><marc:subfield code="a">4th ed.</marc:subfield></marc:datafield><marc:datafield tag="260" ind1="0" ind2=" "><marc:subfield code="a">New York :</marc:subfield><marc:subfield code="b">McGraw-Hill,</marc:subfield><marc:subfield code="c">[1972]</marc:subfield></marc:datafield><marc:datafield tag="300" ind1=" " ind2=" "><marc:subfield code="a">x, 756 p. :</marc:subfield><marc:subfield code="b">illus. ;</marc:subfield><marc:subfield code="c">24 cm.</marc:subfield></marc:datafield><marc:datafield tag="500" ind1=" " ind2=" "><marc:subfield code="a">Fifth ed. published in 1979 under title: Anthropology and the human experience.</marc:subfield></marc:datafield><marc:datafield tag="504" ind1=" " ind2=" "><marc:subfield code="a">Bibliography: p. 707-733.</marc:subfield></marc:datafield><marc:datafield tag="650" ind1=" " ind2="0"><marc:subfield code="a">Anthropology.</marc:subfield></marc:datafield><marc:datafield tag="035" ind1=" " ind2=" "><marc:subfield code="a">(TxDaGIAL)37741100007308</marc:subfield></marc:datafield><marc:controlfield tag="005">20080624154440.0</marc:controlfield><marc:controlfield tag="001">512</marc:controlfield><marc:controlfield tag="003">TxDaGIAL</marc:controlfield><marc:datafield tag="852" ind1=" " ind2=" "><marc:subfield code="p">37741100007308</marc:subfield><marc:subfield code="a">Library</marc:subfield><marc:subfield code="x">COPYID:580</marc:subfield><marc:subfield code="x">FSC@aRegular@c19950825</marc:subfield><marc:subfield code="h">301 H693 1972</marc:subfield><marc:subfield code="z">1019</marc:subfield></marc:datafield></marc:record>