
<marc:record><marc:leader>00756nam a2200205 i 4500</marc:leader>
<marc:controlfield tag="008">850309s1953    ilu           00000 eng d</marc:controlfield>
<marc:datafield tag="035" ind1=" " ind2=" "><marc:subfield code="a">(CU-UC)3682388</marc:subfield></marc:datafield><marc:datafield tag="040" ind1=" " ind2=" "><marc:subfield code="a">NLM</marc:subfield><marc:subfield code="c">NLM</marc:subfield><marc:subfield code="d">m.c.</marc:subfield><marc:subfield code="d">CUY</marc:subfield><marc:subfield code="d">TxDaGIAL</marc:subfield></marc:datafield><marc:datafield tag="060" ind1="0" ind2=" "><marc:subfield code="a">GN 4</marc:subfield><marc:subfield code="b">I61a 1953</marc:subfield></marc:datafield><marc:datafield tag="111" ind1="2" ind2="0"><marc:subfield code="a">International Symposium on Anthropology</marc:subfield><marc:subfield code="d">(1952 :</marc:subfield><marc:subfield code="c">New York)</marc:subfield></marc:datafield><marc:datafield tag="245" ind1="1" ind2="0"><marc:subfield code="a">Anthropology today :</marc:subfield><marc:subfield code="b">an encyclopedic inventory /</marc:subfield><marc:subfield code="c">prepared under the chairmanship of A. L. Kroeber.</marc:subfield></marc:datafield><marc:datafield tag="260" ind1="0" ind2=" "><marc:subfield code="a">Chicago :</marc:subfield><marc:subfield code="b">Univ. of Chicago Press,</marc:subfield><marc:subfield code="c">[1953]</marc:subfield></marc:datafield><marc:datafield tag="300" ind1=" " ind2=" "><marc:subfield code="a">xv, 966 p.</marc:subfield></marc:datafield><marc:datafield tag="546" ind1=" " ind2=" "><marc:subfield code="a">English.</marc:subfield></marc:datafield><marc:datafield tag="700" ind1="1" ind2="0"><marc:subfield code="a">Kroeber, A. L.</marc:subfield><marc:subfield code="q">(Alfred Louis),</marc:subfield><marc:subfield code="d">1876-1960.</marc:subfield></marc:datafield><marc:datafield tag="035" ind1=" " ind2=" "><marc:subfield code="a">(TxDaGIAL)37741100016844</marc:subfield></marc:datafield><marc:controlfield tag="005">20080624154440.0</marc:controlfield><marc:controlfield tag="001">513</marc:controlfield><marc:controlfield tag="003">TxDaGIAL</marc:controlfield><marc:datafield tag="852" ind1=" " ind2=" "><marc:subfield code="p">37741100016844</marc:subfield><marc:subfield code="a">Library</marc:subfield><marc:subfield code="x">COPYID:581</marc:subfield><marc:subfield code="x">FSC@aRegular@c19970416</marc:subfield><marc:subfield code="h">301 I61k 1953</marc:subfield><marc:subfield code="z">2567</marc:subfield></marc:datafield></marc:record>