
<marc:record><marc:leader>00793pam a2200241 a 4500</marc:leader>
<marc:controlfield tag="008">810826s1982    nyua     b    00110 eng  </marc:controlfield>
<marc:datafield tag="010" ind1=" " ind2=" "><marc:subfield code="a">   81007079</marc:subfield></marc:datafield><marc:datafield tag="020" ind1=" " ind2=" "><marc:subfield code="a">0030592798 (pbk.)</marc:subfield></marc:datafield><marc:datafield tag="040" ind1=" " ind2=" "><marc:subfield code="a">DLC</marc:subfield><marc:subfield code="c">DLC</marc:subfield><marc:subfield code="d">DLC</marc:subfield></marc:datafield><marc:datafield tag="050" ind1="0" ind2=" "><marc:subfield code="a">GN25</marc:subfield><marc:subfield code="b">.H38 1982</marc:subfield></marc:datafield><marc:datafield tag="082" ind1="0" ind2=" "><marc:subfield code="a">306</marc:subfield><marc:subfield code="2">19</marc:subfield></marc:datafield><marc:datafield tag="100" ind1="1" ind2="0"><marc:subfield code="a">Haviland, William A.</marc:subfield></marc:datafield><marc:datafield tag="245" ind1="1" ind2="0"><marc:subfield code="a">Anthropology /</marc:subfield><marc:subfield code="c">William A. Haviland.</marc:subfield></marc:datafield><marc:datafield tag="250" ind1=" " ind2=" "><marc:subfield code="a">3rd ed.</marc:subfield></marc:datafield><marc:datafield tag="260" ind1="0" ind2=" "><marc:subfield code="a">New York :</marc:subfield><marc:subfield code="b">Holt, Rinehart and Winston,</marc:subfield><marc:subfield code="c">c1982.</marc:subfield></marc:datafield><marc:datafield tag="300" ind1=" " ind2=" "><marc:subfield code="a">xix, 698 p., [16] p. of plates :</marc:subfield><marc:subfield code="b">ill., maps (some col.) ;</marc:subfield><marc:subfield code="c">24 cm.</marc:subfield></marc:datafield><marc:datafield tag="504" ind1=" " ind2=" "><marc:subfield code="a">Includes bibliographies and index.</marc:subfield></marc:datafield><marc:datafield tag="650" ind1=" " ind2="0"><marc:subfield code="a">Anthropology.</marc:subfield></marc:datafield><marc:datafield tag="035" ind1=" " ind2=" "><marc:subfield code="a">(TxDaGIAL)37741100002411</marc:subfield></marc:datafield><marc:controlfield tag="005">20080624154440.0</marc:controlfield><marc:controlfield tag="001">514</marc:controlfield><marc:controlfield tag="003">TxDaGIAL</marc:controlfield><marc:datafield tag="852" ind1=" " ind2=" "><marc:subfield code="p">37741100002411</marc:subfield><marc:subfield code="a">Library</marc:subfield><marc:subfield code="x">COPYID:582</marc:subfield><marc:subfield code="x">FSC@aRegular@c19950317</marc:subfield><marc:subfield code="h">306 H388a 1982</marc:subfield><marc:subfield code="z">Beth T. Lewis 4-90 gift</marc:subfield></marc:datafield></marc:record>