
<marc:record><marc:leader>01249nam a2200289 a 4500</marc:leader>
<marc:controlfield tag="008">880906s1956    gw af    b   s000 0 ger  </marc:controlfield>
<marc:datafield tag="010" ind1=" " ind2=" "><marc:subfield code="a">   88182130</marc:subfield></marc:datafield><marc:datafield tag="040" ind1=" " ind2=" "><marc:subfield code="a">DLC</marc:subfield><marc:subfield code="c">DLC</marc:subfield><marc:subfield code="d">DLC</marc:subfield></marc:datafield><marc:datafield tag="043" ind1=" " ind2=" "><marc:subfield code="a">ncho---</marc:subfield><marc:subfield code="a">ncnq---</marc:subfield></marc:datafield><marc:datafield tag="050" ind1="0" ind2="0"><marc:subfield code="a">F1423</marc:subfield><marc:subfield code="b">.H34 Nr. 3</marc:subfield><marc:subfield code="a">F1505</marc:subfield></marc:datafield><marc:datafield tag="082" ind1="0" ind2="0"><marc:subfield code="a">972 s</marc:subfield><marc:subfield code="a">972.83/130</marc:subfield><marc:subfield code="2">19</marc:subfield></marc:datafield><marc:datafield tag="100" ind1="1" ind2="0"><marc:subfield code="a">Helbig, Karl,</marc:subfield><marc:subfield code="d">1903-</marc:subfield></marc:datafield><marc:datafield tag="245" ind1="1" ind2="0"><marc:subfield code="a">Antigules (Altertmer) der Paya-Region und die Paya-Indianer von Nordost-Honduras :</marc:subfield><marc:subfield code="b">(auf Grund einer geografischen Erkundungsreise im Jahre 1953) /</marc:subfield><marc:subfield code="c">von Karl Helbig.</marc:subfield></marc:datafield><marc:datafield tag="260" ind1="0" ind2=" "><marc:subfield code="a">Hamburg :</marc:subfield><marc:subfield code="b">Im Selbstverlag des Hamburgischen Museums fr Vlkerkunde und Vorgeschichte,</marc:subfield><marc:subfield code="c">1956.</marc:subfield></marc:datafield><marc:datafield tag="300" ind1=" " ind2=" "><marc:subfield code="a">40 p., [4] leaves of plates (1 folded) :</marc:subfield><marc:subfield code="b">64 ill. ;</marc:subfield><marc:subfield code="c">30 cm.</marc:subfield></marc:datafield><marc:datafield tag="440" ind1=" " ind2="0"><marc:subfield code="a">Beitrge zur mittelamerikanischen Vlkerkunde ;</marc:subfield><marc:subfield code="v">3</marc:subfield></marc:datafield><marc:datafield tag="504" ind1=" " ind2=" "><marc:subfield code="a">Bibliography: p. 38-39.</marc:subfield></marc:datafield><marc:datafield tag="650" ind1=" " ind2="0"><marc:subfield code="a">Indians of Central America</marc:subfield><marc:subfield code="z">Honduras</marc:subfield><marc:subfield code="x">Antiquities.</marc:subfield></marc:datafield><marc:datafield tag="651" ind1=" " ind2="0"><marc:subfield code="a">Mosquitia (Nicaragua and Honduras)</marc:subfield><marc:subfield code="x">Antiquities.</marc:subfield></marc:datafield><marc:datafield tag="650" ind1=" " ind2="0"><marc:subfield code="a">Excavations (Archaeology)</marc:subfield><marc:subfield code="z">Mosquitia (Nicaragua and Honduras)</marc:subfield></marc:datafield><marc:datafield tag="651" ind1=" " ind2="0"><marc:subfield code="a">Honduras</marc:subfield><marc:subfield code="x">Antiquities.</marc:subfield></marc:datafield><marc:datafield tag="650" ind1=" " ind2="0"><marc:subfield code="a">Paya Indians.</marc:subfield></marc:datafield><marc:datafield tag="035" ind1=" " ind2=" "><marc:subfield code="a">(TxDaGIAL)37741100016927</marc:subfield></marc:datafield><marc:controlfield tag="005">20080624154440.0</marc:controlfield><marc:controlfield tag="001">515</marc:controlfield><marc:controlfield tag="003">TxDaGIAL</marc:controlfield><marc:datafield tag="852" ind1=" " ind2=" "><marc:subfield code="p">37741100016927</marc:subfield><marc:subfield code="a">Library</marc:subfield><marc:subfield code="x">COPYID:583</marc:subfield><marc:subfield code="x">FSC@aRegular@c19970421</marc:subfield><marc:subfield code="h">972.83 H474a 1956</marc:subfield></marc:datafield></marc:record>