
<marc:record><marc:leader>01034Qam a2200265Ia 4500</marc:leader>
<marc:controlfield tag="008">750613s1952    ck a          000 0 spamu</marc:controlfield>
<marc:datafield tag="010" ind1=" " ind2=" "><marc:subfield code="a">   53030754</marc:subfield></marc:datafield><marc:datafield tag="035" ind1=" " ind2=" "><marc:subfield code="a">(CU-UC)dlaisn1418682</marc:subfield></marc:datafield><marc:datafield tag="040" ind1=" " ind2=" "><marc:subfield code="a">DLC</marc:subfield><marc:subfield code="c">ZGM</marc:subfield><marc:subfield code="d">m/c</marc:subfield><marc:subfield code="d">CU-SC</marc:subfield></marc:datafield><marc:datafield tag="100" ind1="1" ind2=" "><marc:subfield code="a">Jimnez de Quesada, Gonzalo,</marc:subfield><marc:subfield code="d">d. 1579.</marc:subfield></marc:datafield><marc:datafield tag="245" ind1="1" ind2="3"><marc:subfield code="a">El antijovio /</marc:subfield><marc:subfield code="c">Edicin dirigida por Rafael Torres Quintero; estudio preliminar por Manuel Ballesteros Gaibrois.</marc:subfield></marc:datafield><marc:datafield tag="260" ind1=" " ind2=" "><marc:subfield code="a">Bogot,</marc:subfield><marc:subfield code="c">1952.</marc:subfield></marc:datafield><marc:datafield tag="300" ind1=" " ind2=" "><marc:subfield code="a">637 p. :</marc:subfield><marc:subfield code="b">illus. ;</marc:subfield><marc:subfield code="c">23 cm.</marc:subfield></marc:datafield><marc:datafield tag="490" ind1="1" ind2=" "><marc:subfield code="a">Publicaciones del Instituto Caro y Cuervo, 10</marc:subfield></marc:datafield><marc:datafield tag="504" ind1=" " ind2=" "><marc:subfield code="a">Includes bibliography.</marc:subfield></marc:datafield><marc:datafield tag="546" ind1=" " ind2=" "><marc:subfield code="a">Spanish.</marc:subfield></marc:datafield><marc:datafield tag="600" ind1="1" ind2="0"><marc:subfield code="a">Giovio, Paolo,</marc:subfield><marc:subfield code="d">1483-1552.</marc:subfield><marc:subfield code="t">Historiarum sui temporis.</marc:subfield></marc:datafield><marc:datafield tag="600" ind1="1" ind2="0"><marc:subfield code="a">Illescas, Gonzalo de,</marc:subfield><marc:subfield code="d">fl. 1565.</marc:subfield><marc:subfield code="t">Historia pontifical y catolica.</marc:subfield></marc:datafield><marc:datafield tag="651" ind1=" " ind2="0"><marc:subfield code="a">Europe</marc:subfield><marc:subfield code="x">History</marc:subfield><marc:subfield code="y">1492-1648.</marc:subfield></marc:datafield><marc:datafield tag="830" ind1=" " ind2="0"><marc:subfield code="a">Publicaciones del Instituto Caro y Cuervo ;</marc:subfield><marc:subfield code="v">10.</marc:subfield></marc:datafield><marc:datafield tag="035" ind1=" " ind2=" "><marc:subfield code="a">(TxDaGIAL)37741100014264</marc:subfield></marc:datafield><marc:controlfield tag="005">20080624154441.0</marc:controlfield><marc:controlfield tag="001">516</marc:controlfield><marc:controlfield tag="003">TxDaGIAL</marc:controlfield><marc:datafield tag="852" ind1=" " ind2=" "><marc:subfield code="p">37741100014264</marc:subfield><marc:subfield code="a">Library</marc:subfield><marc:subfield code="x">COPYID:584</marc:subfield><marc:subfield code="x">FSC@aRegular@c19961217</marc:subfield><marc:subfield code="h">940.2 J61a 1952</marc:subfield><marc:subfield code="z">873</marc:subfield></marc:datafield></marc:record>