
<marc:record><marc:leader>00674cam a2200205 i 4500</marc:leader>
<marc:controlfield tag="008">970703c19711971ag       b    00000dspa d</marc:controlfield>
<marc:datafield tag="040" ind1=" " ind2=" "><marc:subfield code="d">TxDaGIAL</marc:subfield></marc:datafield><marc:datafield tag="245" ind1="0" ind2="0"><marc:subfield code="a">Antropologia social y modelos de lenguaje /</marc:subfield><marc:subfield code="c">comp., Edwin Ardener.</marc:subfield></marc:datafield><marc:datafield tag="260" ind1="0" ind2=" "><marc:subfield code="a">Buenos Aires :</marc:subfield><marc:subfield code="b">Editorial Paidos,</marc:subfield><marc:subfield code="c">c1971.</marc:subfield></marc:datafield><marc:datafield tag="300" ind1=" " ind2=" "><marc:subfield code="a">78 p. ;</marc:subfield><marc:subfield code="c">23 cm.</marc:subfield></marc:datafield><marc:datafield tag="490" ind1="0" ind2=" "><marc:subfield code="a">Biblioteca de lingsta y semiologia ;</marc:subfield><marc:subfield code="v">v. 8</marc:subfield></marc:datafield><marc:datafield tag="504" ind1=" " ind2=" "><marc:subfield code="a">Includes bibliographies.</marc:subfield></marc:datafield><marc:datafield tag="546" ind1=" " ind2=" "><marc:subfield code="a">Spanish.</marc:subfield></marc:datafield><marc:datafield tag="650" ind1=" " ind2="0"><marc:subfield code="a">Sociolinguistics.</marc:subfield></marc:datafield><marc:datafield tag="700" ind1="1" ind2="0"><marc:subfield code="a">Ardener, Edwin.</marc:subfield></marc:datafield><marc:datafield tag="035" ind1=" " ind2=" "><marc:subfield code="a">(TxDaGIAL)37741100018890</marc:subfield></marc:datafield><marc:controlfield tag="005">20080624154441.0</marc:controlfield><marc:controlfield tag="001">517</marc:controlfield><marc:controlfield tag="003">TxDaGIAL</marc:controlfield><marc:datafield tag="852" ind1=" " ind2=" "><marc:subfield code="p">37741100018890</marc:subfield><marc:subfield code="a">Library</marc:subfield><marc:subfield code="x">COPYID:585</marc:subfield><marc:subfield code="x">FSC@aRegular@c19970708</marc:subfield><marc:subfield code="h">306.44 A676e 1971</marc:subfield></marc:datafield></marc:record>