
<marc:record><marc:leader>01014nam a2200253 i 4500</marc:leader>
<marc:controlfield tag="008">760707s1975    ck       b    100 0 spa  </marc:controlfield>
<marc:datafield tag="010" ind1=" " ind2=" "><marc:subfield code="a">   76461821</marc:subfield></marc:datafield><marc:datafield tag="040" ind1=" " ind2=" "><marc:subfield code="a">DLC</marc:subfield><marc:subfield code="c">DLC</marc:subfield><marc:subfield code="d">DLC</marc:subfield></marc:datafield><marc:datafield tag="050" ind1="0" ind2="0"><marc:subfield code="a">BV2063</marc:subfield><marc:subfield code="b">.C84 1974</marc:subfield></marc:datafield><marc:datafield tag="082" ind1="0" ind2="0"><marc:subfield code="a">266/.001</marc:subfield></marc:datafield><marc:datafield tag="111" ind1="2" ind2="0"><marc:subfield code="a">Curso de Antropologa y Teologa para la Actividad Misionera en Amrica Latina</marc:subfield><marc:subfield code="d">(1974 :</marc:subfield><marc:subfield code="c">Caracas)</marc:subfield></marc:datafield><marc:datafield tag="245" ind1="1" ind2="0"><marc:subfield code="a">Antropologa y teologa misioneras :</marc:subfield><marc:subfield code="b">seminario de Caracas : [coordinado por el Departamento de Misiones del CELAM.</marc:subfield></marc:datafield><marc:datafield tag="260" ind1="0" ind2=" "><marc:subfield code="a">Bogot :</marc:subfield><marc:subfield code="b">Ediciones Paulinas,</marc:subfield><marc:subfield code="c">c1975.</marc:subfield></marc:datafield><marc:datafield tag="300" ind1=" " ind2=" "><marc:subfield code="a">207 p. ;</marc:subfield><marc:subfield code="c">21 cm.</marc:subfield></marc:datafield><marc:datafield tag="490" ind1="0" ind2=" "><marc:subfield code="a">Coleccin Pastoral latinoamericana ; 1</marc:subfield></marc:datafield><marc:datafield tag="500" ind1=" " ind2=" "><marc:subfield code="a">On cover: Equipo misionero.</marc:subfield></marc:datafield><marc:datafield tag="504" ind1=" " ind2=" "><marc:subfield code="a">Includes bibliographies.</marc:subfield></marc:datafield><marc:datafield tag="650" ind1=" " ind2="0"><marc:subfield code="a">Missions</marc:subfield><marc:subfield code="x">Theory.</marc:subfield></marc:datafield><marc:datafield tag="710" ind1="2" ind2="0"><marc:subfield code="a">Catholic Church.</marc:subfield><marc:subfield code="b">Consejo Episcopal Latinoamericano.</marc:subfield><marc:subfield code="b">Departamento de Misiones.</marc:subfield></marc:datafield><marc:datafield tag="035" ind1=" " ind2=" "><marc:subfield code="a">(TxDaGIAL)37741100018383</marc:subfield></marc:datafield><marc:controlfield tag="005">20080624154441.0</marc:controlfield><marc:controlfield tag="001">518</marc:controlfield><marc:controlfield tag="003">TxDaGIAL</marc:controlfield><marc:datafield tag="852" ind1=" " ind2=" "><marc:subfield code="p">37741100018383</marc:subfield><marc:subfield code="a">Library</marc:subfield><marc:subfield code="x">COPYID:586</marc:subfield><marc:subfield code="x">FSC@aRegular@c19970515</marc:subfield><marc:subfield code="h">266.001 A636 1975</marc:subfield><marc:subfield code="z">5449</marc:subfield></marc:datafield></marc:record>