
<marc:record><marc:leader>00703nam a2200193 a 4500</marc:leader>
<marc:controlfield tag="008">971030q198     xxug          000 0 eng d</marc:controlfield>
<marc:datafield tag="040" ind1=" " ind2=" "><marc:subfield code="a">TxDaGIAL</marc:subfield><marc:subfield code="c">TxDaGIAL</marc:subfield></marc:datafield><marc:datafield tag="100" ind1="1" ind2=" "><marc:subfield code="a">Osterlund, David C.</marc:subfield></marc:datafield><marc:datafield tag="245" ind1="1" ind2="4"><marc:subfield code="a">The Anuak tribe of South Western Ethiopia /</marc:subfield><marc:subfield code="c">David C. Osterlund.</marc:subfield></marc:datafield><marc:datafield tag="260" ind1=" " ind2=" "><marc:subfield code="c">198?.</marc:subfield></marc:datafield><marc:datafield tag="300" ind1=" " ind2=" "><marc:subfield code="a">various pagings :</marc:subfield><marc:subfield code="b">music ;</marc:subfield><marc:subfield code="c">29 cm +</marc:subfield><marc:subfield code="e">1 cassette tape.</marc:subfield></marc:datafield><marc:datafield tag="651" ind1=" " ind2="0"><marc:subfield code="a">Ethiopia</marc:subfield><marc:subfield code="v">Music.</marc:subfield></marc:datafield><marc:datafield tag="650" ind1=" " ind2="0"><marc:subfield code="a">Anuak (African people)</marc:subfield><marc:subfield code="v">Music.</marc:subfield></marc:datafield><marc:datafield tag="035" ind1=" " ind2=" "><marc:subfield code="a">(TxDaGIAL)37741100021534</marc:subfield></marc:datafield><marc:controlfield tag="005">20080624154441.0</marc:controlfield><marc:controlfield tag="001">520</marc:controlfield><marc:controlfield tag="003">TxDaGIAL</marc:controlfield><marc:datafield tag="852" ind1=" " ind2=" "><marc:subfield code="p">37741100021534</marc:subfield><marc:subfield code="a">Library</marc:subfield><marc:subfield code="x">COPYID:588</marc:subfield><marc:subfield code="x">FSC@aRegular@c19971031</marc:subfield><marc:subfield code="h">780.89 O85 1980?</marc:subfield></marc:datafield><marc:datafield tag="852" ind1=" " ind2=" "><marc:subfield code="p">37741100021535</marc:subfield><marc:subfield code="a">Library</marc:subfield><marc:subfield code="x">COPYID:589</marc:subfield><marc:subfield code="x">FSC@aRegular@c19971031</marc:subfield><marc:subfield code="h">780.89 O85 1980? tape</marc:subfield></marc:datafield></marc:record>