
<marc:record><marc:leader>00668nam a22001937a 4500</marc:leader>
<marc:controlfield tag="008">970428s1975    pp a          000 0 paa d</marc:controlfield>
<marc:datafield tag="020" ind1=" " ind2=" "><marc:subfield code="a">0647055201</marc:subfield></marc:datafield><marc:datafield tag="040" ind1=" " ind2=" "><marc:subfield code="a">TxDaGIAL</marc:subfield><marc:subfield code="c">TxDaGIAL</marc:subfield></marc:datafield><marc:datafield tag="041" ind1="0" ind2=" "><marc:subfield code="a">paa</marc:subfield></marc:datafield><marc:datafield tag="130" ind1="0" ind2=" "><marc:subfield code="a">Bible.</marc:subfield><marc:subfield code="p">N.T.</marc:subfield><marc:subfield code="l">Wantoat.</marc:subfield><marc:subfield code="f">1975.</marc:subfield></marc:datafield><marc:datafield tag="245" ind1="1" ind2="0"><marc:subfield code="a">Anututane wam kwikwiu kayuk kakna Jesu Kraistda takepbut takna anin.</marc:subfield></marc:datafield><marc:datafield tag="260" ind1=" " ind2=" "><marc:subfield code="a">Lae, Papua New Guinea :</marc:subfield><marc:subfield code="b">The Bible Society of New Guinea,</marc:subfield><marc:subfield code="c">1975.</marc:subfield></marc:datafield><marc:datafield tag="300" ind1=" " ind2=" "><marc:subfield code="a">876 p. :</marc:subfield><marc:subfield code="b">ill. (some col.) ;</marc:subfield><marc:subfield code="c">21 cm.</marc:subfield></marc:datafield><marc:datafield tag="035" ind1=" " ind2=" "><marc:subfield code="a">(TxDaGIAL)37741100017160</marc:subfield></marc:datafield><marc:datafield tag="590" ind1=" " ind2=" "><marc:subfield code="l">wnc</marc:subfield><marc:subfield code="2">ISO 639-3</marc:subfield></marc:datafield><marc:controlfield tag="005">20081217192157.0</marc:controlfield><marc:controlfield tag="001">522</marc:controlfield><marc:controlfield tag="003">TxDaGIAL</marc:controlfield><marc:datafield tag="852" ind1=" " ind2=" "><marc:subfield code="p">37741100017160</marc:subfield><marc:subfield code="a">Library</marc:subfield><marc:subfield code="x">COPYID:591</marc:subfield><marc:subfield code="x">FSC@aRegular@c19970422</marc:subfield><marc:subfield code="h">225.599127 W251 1975</marc:subfield><marc:subfield code="z">8648</marc:subfield></marc:datafield></marc:record>