
<marc:record><marc:leader>00942nam a2200229Ii 4500</marc:leader>
<marc:controlfield tag="008">760914s1941    ilua          000 0 eng  </marc:controlfield>
<marc:datafield tag="010" ind1=" " ind2=" "><marc:subfield code="a">41024474</marc:subfield></marc:datafield><marc:datafield tag="040" ind1=" " ind2=" "><marc:subfield code="a">DLC</marc:subfield><marc:subfield code="c">FJN</marc:subfield><marc:subfield code="d">AZU</marc:subfield></marc:datafield><marc:datafield tag="050" ind1="0" ind2=" "><marc:subfield code="a">E99.A6</marc:subfield><marc:subfield code="b">O73</marc:subfield></marc:datafield><marc:datafield tag="100" ind1="1" ind2=" "><marc:subfield code="a">Opler, Morris Edward,</marc:subfield><marc:subfield code="d">1907-</marc:subfield></marc:datafield><marc:datafield tag="245" ind1="1" ind2="3"><marc:subfield code="a">An Apache life-way :</marc:subfield><marc:subfield code="b">the economic, social, and religious institutions of the Chiricahua Indians /</marc:subfield><marc:subfield code="c">by Morris Edward Opler.</marc:subfield></marc:datafield><marc:datafield tag="260" ind1=" " ind2=" "><marc:subfield code="a">Chicago, Ill. :</marc:subfield><marc:subfield code="b">The University of Chicago press,</marc:subfield><marc:subfield code="c">c1941.</marc:subfield></marc:datafield><marc:datafield tag="300" ind1=" " ind2=" "><marc:subfield code="a">xvii, 500 p. :</marc:subfield><marc:subfield code="b">front., illus. (map) plates, diagr. ;</marc:subfield><marc:subfield code="c">22 cm.</marc:subfield></marc:datafield><marc:datafield tag="490" ind1="0" ind2=" "><marc:subfield code="a">Half-title: The University of Chicago publications in anthropology. Ethnological series.</marc:subfield></marc:datafield><marc:datafield tag="504" ind1=" " ind2=" "><marc:subfield code="a">&quot;Selected bibliography&quot;: p. 481-482.</marc:subfield></marc:datafield><marc:datafield tag="650" ind1=" " ind2="0"><marc:subfield code="a">Apache Indians.</marc:subfield></marc:datafield><marc:datafield tag="650" ind1=" " ind2="0"><marc:subfield code="a">Indians of North America.</marc:subfield></marc:datafield><marc:datafield tag="035" ind1=" " ind2=" "><marc:subfield code="a">(TxDaGIAL)37741100015226</marc:subfield></marc:datafield><marc:controlfield tag="005">20080624154442.0</marc:controlfield><marc:controlfield tag="001">523</marc:controlfield><marc:controlfield tag="003">TxDaGIAL</marc:controlfield><marc:datafield tag="852" ind1=" " ind2=" "><marc:subfield code="p">37741100015226</marc:subfield><marc:subfield code="a">Library</marc:subfield><marc:subfield code="x">COPYID:592</marc:subfield><marc:subfield code="x">FSC@aRegular@c19970219</marc:subfield><marc:subfield code="h">970.00497 A639o 1941</marc:subfield><marc:subfield code="z">7303</marc:subfield></marc:datafield></marc:record>