
<marc:record><marc:leader>00917cam a2200265 i 4500</marc:leader>
<marc:controlfield tag="008">730925c19731974mdua     b    00110 eng  </marc:controlfield>
<marc:datafield tag="010" ind1=" " ind2=" "><marc:subfield code="a">   73017043 //r91</marc:subfield></marc:datafield><marc:datafield tag="020" ind1=" " ind2=" "><marc:subfield code="a">083910720X :</marc:subfield><marc:subfield code="c">$14.50</marc:subfield></marc:datafield><marc:datafield tag="040" ind1=" " ind2=" "><marc:subfield code="a">DLC</marc:subfield><marc:subfield code="c">DLC</marc:subfield><marc:subfield code="d">DLC</marc:subfield><marc:subfield code="d">TxDaGIAL</marc:subfield></marc:datafield><marc:datafield tag="050" ind1="0" ind2="0"><marc:subfield code="a">RC425</marc:subfield><marc:subfield code="b">.S32</marc:subfield></marc:datafield><marc:datafield tag="060" ind1=" " ind2=" "><marc:subfield code="a">WL340 S385a 1973</marc:subfield></marc:datafield><marc:datafield tag="082" ind1="0" ind2="0"><marc:subfield code="a">616.8/552</marc:subfield></marc:datafield><marc:datafield tag="100" ind1="1" ind2="0"><marc:subfield code="a">Schuell, Hildred.</marc:subfield></marc:datafield><marc:datafield tag="245" ind1="1" ind2="0"><marc:subfield code="a">Aphasia theory and therapy :</marc:subfield><marc:subfield code="b">selected lectures and papers of Hildred Schuell. /</marc:subfield><marc:subfield code="c">Edited with an introductory chapter by Luther F. Sies.</marc:subfield></marc:datafield><marc:datafield tag="260" ind1="0" ind2=" "><marc:subfield code="a">Baltimore :</marc:subfield><marc:subfield code="b">University Park Press,</marc:subfield><marc:subfield code="c">[1973, c1974]</marc:subfield></marc:datafield><marc:datafield tag="300" ind1=" " ind2=" "><marc:subfield code="a">xviii, 300 p. :</marc:subfield><marc:subfield code="b">illus. ;</marc:subfield><marc:subfield code="c">24 cm.</marc:subfield></marc:datafield><marc:datafield tag="504" ind1=" " ind2=" "><marc:subfield code="a">Bibliography: p. [271]-279.</marc:subfield></marc:datafield><marc:datafield tag="650" ind1=" " ind2="0"><marc:subfield code="a">Aphasia.</marc:subfield></marc:datafield><marc:datafield tag="650" ind1=" " ind2="2"><marc:subfield code="a">Aphasia.</marc:subfield></marc:datafield><marc:datafield tag="700" ind1="1" ind2="0"><marc:subfield code="a">Sies, Luther F.</marc:subfield></marc:datafield><marc:datafield tag="035" ind1=" " ind2=" "><marc:subfield code="a">(TxDaGIAL)37741100005429</marc:subfield></marc:datafield><marc:controlfield tag="005">20080624154442.0</marc:controlfield><marc:controlfield tag="001">525</marc:controlfield><marc:controlfield tag="003">TxDaGIAL</marc:controlfield><marc:datafield tag="852" ind1=" " ind2=" "><marc:subfield code="p">37741100005429</marc:subfield><marc:subfield code="a">Library</marc:subfield><marc:subfield code="x">COPYID:594</marc:subfield><marc:subfield code="x">FSC@aRegular@c19950701</marc:subfield><marc:subfield code="h">616.8552 S385a 1974</marc:subfield><marc:subfield code="z">4210</marc:subfield></marc:datafield></marc:record>