
<marc:record><marc:leader>00756cam a22001697i 4500</marc:leader>
<marc:controlfield tag="008">720829s1957    nyu           001 0 eng d</marc:controlfield>
<marc:datafield tag="040" ind1=" " ind2=" "><marc:subfield code="a">TxDaGIAL</marc:subfield><marc:subfield code="c">TxDaGIAL</marc:subfield></marc:datafield><marc:datafield tag="082" ind1=" " ind2=" "><marc:subfield code="a">229</marc:subfield></marc:datafield><marc:datafield tag="130" ind1="0" ind2=" "><marc:subfield code="a">Bible.</marc:subfield><marc:subfield code="p">O.T.</marc:subfield><marc:subfield code="p">Apocrypha.</marc:subfield><marc:subfield code="l">English.</marc:subfield><marc:subfield code="f">1957.</marc:subfield><marc:subfield code="s">Revised Standard.</marc:subfield></marc:datafield><marc:datafield tag="245" ind1="1" ind2="4"><marc:subfield code="a">The Apocrypha of the Old Testament. :</marc:subfield><marc:subfield code="b">Rev. Standard version. /</marc:subfield><marc:subfield code="c">translated from the Greek and Latin tongues, being the version set forth A.D. 1611, rev. A.D. 1894, compared with the most ancient authorities and rev. A.D. 1957.</marc:subfield></marc:datafield><marc:datafield tag="260" ind1=" " ind2=" "><marc:subfield code="a">New York :</marc:subfield><marc:subfield code="b">London :</marc:subfield><marc:subfield code="b">Thomas Nelson,</marc:subfield><marc:subfield code="c">1957.</marc:subfield></marc:datafield><marc:datafield tag="300" ind1=" " ind2=" "><marc:subfield code="a">v, 250 p. ;</marc:subfield><marc:subfield code="c">22 cm.</marc:subfield></marc:datafield><marc:datafield tag="035" ind1=" " ind2=" "><marc:subfield code="a">(TxDaGIAL)37741100019694</marc:subfield></marc:datafield><marc:controlfield tag="005">20080624154442.0</marc:controlfield><marc:controlfield tag="001">526</marc:controlfield><marc:controlfield tag="003">TxDaGIAL</marc:controlfield><marc:datafield tag="852" ind1=" " ind2=" "><marc:subfield code="p">37741100019694</marc:subfield><marc:subfield code="a">Library</marc:subfield><marc:subfield code="x">COPYID:595</marc:subfield><marc:subfield code="x">FSC@aRegular@c19970813</marc:subfield><marc:subfield code="h">229 B582a 1957</marc:subfield><marc:subfield code="z">7436</marc:subfield></marc:datafield></marc:record>