
<marc:record><marc:leader>00884cam a2200253   4500</marc:leader>
<marc:controlfield tag="008">690814s1969    nyu      b    00010beng  </marc:controlfield>
<marc:datafield tag="010" ind1=" " ind2=" "><marc:subfield code="a">   69015194 //r862</marc:subfield></marc:datafield><marc:datafield tag="040" ind1=" " ind2=" "><marc:subfield code="a">DLC</marc:subfield><marc:subfield code="c">DLC</marc:subfield><marc:subfield code="d">DLC</marc:subfield></marc:datafield><marc:datafield tag="050" ind1="0" ind2=" "><marc:subfield code="a">BS2506</marc:subfield><marc:subfield code="b">.P58</marc:subfield></marc:datafield><marc:datafield tag="082" ind1=" " ind2=" "><marc:subfield code="a">225.9/24</marc:subfield></marc:datafield><marc:datafield tag="100" ind1="1" ind2="0"><marc:subfield code="a">Pollock, John Charles.</marc:subfield></marc:datafield><marc:datafield tag="245" ind1="1" ind2="4"><marc:subfield code="a">The apostle: a life of Paul /</marc:subfield><marc:subfield code="c">by John Pollock.</marc:subfield></marc:datafield><marc:datafield tag="250" ind1=" " ind2=" "><marc:subfield code="a">[1st ed.].</marc:subfield></marc:datafield><marc:datafield tag="260" ind1="0" ind2=" "><marc:subfield code="a">Garden City, N.Y. :</marc:subfield><marc:subfield code="b">Doubleday,</marc:subfield><marc:subfield code="c">1969.</marc:subfield></marc:datafield><marc:datafield tag="300" ind1=" " ind2=" "><marc:subfield code="a">xiv, 244 p. :</marc:subfield><marc:subfield code="b">maps (on lining papers) ;</marc:subfield><marc:subfield code="c">22 cm.</marc:subfield></marc:datafield><marc:datafield tag="504" ind1=" " ind2=" "><marc:subfield code="a">Bibliographical references included in &quot;Notes&quot; (p. [239]-244).</marc:subfield></marc:datafield><marc:datafield tag="600" ind1="0" ind2="0"><marc:subfield code="a">Paul,</marc:subfield><marc:subfield code="c">the Apostle, Saint.</marc:subfield></marc:datafield><marc:datafield tag="650" ind1=" " ind2="0"><marc:subfield code="a">Christian saints</marc:subfield><marc:subfield code="z">Turkey</marc:subfield><marc:subfield code="z">Tarsus</marc:subfield><marc:subfield code="v">Biography.</marc:subfield></marc:datafield><marc:datafield tag="651" ind1=" " ind2="0"><marc:subfield code="a">Tarsus (Turkey)</marc:subfield><marc:subfield code="v">Biography.</marc:subfield></marc:datafield><marc:datafield tag="035" ind1=" " ind2=" "><marc:subfield code="a">(TxDaGIAL)37741100000712</marc:subfield></marc:datafield><marc:controlfield tag="005">20080624154443.0</marc:controlfield><marc:controlfield tag="001">528</marc:controlfield><marc:controlfield tag="003">TxDaGIAL</marc:controlfield><marc:datafield tag="852" ind1=" " ind2=" "><marc:subfield code="p">37741100000712</marc:subfield><marc:subfield code="a">Library</marc:subfield><marc:subfield code="x">COPYID:597</marc:subfield><marc:subfield code="x">FSC@aRegular@c19950410</marc:subfield><marc:subfield code="h">225.924 P776a 1969</marc:subfield><marc:subfield code="z">1931</marc:subfield></marc:datafield></marc:record>