
<marc:record><marc:leader>01388nam a2200265Ii 4500</marc:leader>
<marc:controlfield tag="008">741111s1956    miub          00111 engm </marc:controlfield>
<marc:datafield tag="010" ind1=" " ind2=" "><marc:subfield code="a">   56011603</marc:subfield></marc:datafield><marc:datafield tag="035" ind1=" " ind2=" "><marc:subfield code="a">(CU-UC)2064891</marc:subfield></marc:datafield><marc:datafield tag="040" ind1=" " ind2=" "><marc:subfield code="c">CIN</marc:subfield><marc:subfield code="d">CLU</marc:subfield></marc:datafield><marc:datafield tag="041" ind1="1" ind2=" "><marc:subfield code="a">englat</marc:subfield></marc:datafield><marc:datafield tag="050" ind1="0" ind2=" "><marc:subfield code="a">BR60.A62</marc:subfield><marc:subfield code="b">L52 1956</marc:subfield></marc:datafield><marc:datafield tag="130" ind1="0" ind2="0"><marc:subfield code="a">Apostolic Fathers.</marc:subfield></marc:datafield><marc:datafield tag="245" ind1="1" ind2="4"><marc:subfield code="a">The Apostolic Fathers /</marc:subfield><marc:subfield code="c">by J. B. Lightfoot. Edited and completed by J. R. Harmer.</marc:subfield></marc:datafield><marc:datafield tag="260" ind1="0" ind2=" "><marc:subfield code="a">Grand Rapids :</marc:subfield><marc:subfield code="b">Baker Book House,</marc:subfield><marc:subfield code="c">1956.</marc:subfield></marc:datafield><marc:datafield tag="300" ind1=" " ind2=" "><marc:subfield code="a">288 p. :</marc:subfield><marc:subfield code="b">map. ;</marc:subfield><marc:subfield code="c">23 cm.</marc:subfield></marc:datafield><marc:datafield tag="500" ind1=" " ind2=" "><marc:subfield code="a">&quot;This English translation ... is reprinted from the edition published in 1891 by Macmillan and Company, London.&quot;</marc:subfield></marc:datafield><marc:datafield tag="505" ind1="0" ind2=" "><marc:subfield code="a">The epistles of Clement of Rome: the genuine epistle to the Corinthiaus. An Ancient homily, commonly called the second epistle.--The espistles of S. Ignatius.--The epistle of S. Polycarp.--The martyrdom of S. Polycarp.--The Didache, or teaching of the Apostles.--The epistle of Barnabas.--The Sheperd of Hermas.--The epistle to Diognetus.--The fragments of Papias.--The reliques of the Elders preserved in Irenaeus.--Index of scriptural passages.</marc:subfield></marc:datafield><marc:datafield tag="546" ind1=" " ind2=" "><marc:subfield code="a">English.</marc:subfield></marc:datafield><marc:datafield tag="650" ind1=" " ind2="0"><marc:subfield code="a">Christian literature, Early.</marc:subfield></marc:datafield><marc:datafield tag="700" ind1="1" ind2="0"><marc:subfield code="a">Lightfoot, Joseph Barber,</marc:subfield><marc:subfield code="d">1828-1889,</marc:subfield><marc:subfield code="e">ed. and tr.</marc:subfield></marc:datafield><marc:datafield tag="035" ind1=" " ind2=" "><marc:subfield code="a">(TxDaGIAL)37741100018642</marc:subfield></marc:datafield><marc:controlfield tag="005">20080624154443.0</marc:controlfield><marc:controlfield tag="001">529</marc:controlfield><marc:controlfield tag="003">TxDaGIAL</marc:controlfield><marc:datafield tag="852" ind1=" " ind2=" "><marc:subfield code="p">37741100018642</marc:subfield><marc:subfield code="a">Library</marc:subfield><marc:subfield code="x">COPYID:598</marc:subfield><marc:subfield code="x">FSC@aRegular@c19970523</marc:subfield><marc:subfield code="h">281 L724e 1956</marc:subfield><marc:subfield code="z">11407</marc:subfield></marc:datafield></marc:record>