
<marc:record><marc:leader>01803Qam a2200385 a 4500</marc:leader>
<marc:controlfield tag="008">781115r19701912enk           000 0 eng  </marc:controlfield>
<marc:datafield tag="010" ind1=" " ind2=" "><marc:subfield code="a">   13005614</marc:subfield></marc:datafield><marc:datafield tag="020" ind1=" " ind2=" "><marc:subfield code="a">0674990277 (vol. 1)</marc:subfield></marc:datafield><marc:datafield tag="020" ind1=" " ind2=" "><marc:subfield code="a">0674990285 (vol. 2)</marc:subfield></marc:datafield><marc:datafield tag="035" ind1=" " ind2=" "><marc:subfield code="a">(CU-UC)9916484</marc:subfield></marc:datafield><marc:datafield tag="130" ind1="0" ind2=" "><marc:subfield code="a">Apostolic Fathers (Early Christian collection)</marc:subfield></marc:datafield><marc:datafield tag="245" ind1="1" ind2="4"><marc:subfield code="a">The Apostolic Fathers :</marc:subfield><marc:subfield code="b">with an English translation by Kirsopp Lake.</marc:subfield></marc:datafield><marc:datafield tag="260" ind1=" " ind2=" "><marc:subfield code="a">Cambridge, Mass. :</marc:subfield><marc:subfield code="b">Harvard University Press,</marc:subfield><marc:subfield code="c">1912-1913, t.p. 1970-1975.</marc:subfield></marc:datafield><marc:datafield tag="300" ind1=" " ind2=" "><marc:subfield code="a">2 v.</marc:subfield></marc:datafield><marc:datafield tag="490" ind1="1" ind2=" "><marc:subfield code="a">Loeb classical library</marc:subfield></marc:datafield><marc:datafield tag="500" ind1=" " ind2=" "><marc:subfield code="a">Greek and English on opposite pages.</marc:subfield></marc:datafield><marc:datafield tag="505" ind1="0" ind2=" "><marc:subfield code="a">I. I. Clement. II. Clement. Ignatius. Polycarp. Didache. Barnabas. -- II. The Shepherd of Hermas. The Martyrdom of Polycarp. The Epistle to Diognetus.</marc:subfield></marc:datafield><marc:datafield tag="546" ind1=" " ind2=" "><marc:subfield code="a">English.</marc:subfield></marc:datafield><marc:datafield tag="650" ind1=" " ind2="0"><marc:subfield code="a">Fathers of the church.</marc:subfield></marc:datafield><marc:datafield tag="700" ind1="0" ind2="0"><marc:subfield code="a">Clement</marc:subfield><marc:subfield code="b">I,</marc:subfield><marc:subfield code="c">Pope.</marc:subfield><marc:subfield code="t">First epistle of Clement to the Corinthians.</marc:subfield><marc:subfield code="l">English &amp; Greek.</marc:subfield><marc:subfield code="f">1912.</marc:subfield></marc:datafield><marc:datafield tag="700" ind1="0" ind2="0"><marc:subfield code="a">Ignatius,</marc:subfield><marc:subfield code="c">Saint, Bishop of Antioch,</marc:subfield><marc:subfield code="d">d. ca. 110.</marc:subfield><marc:subfield code="t">Correspondence.</marc:subfield><marc:subfield code="l">English &amp; Greek.</marc:subfield><marc:subfield code="f">1912.</marc:subfield></marc:datafield><marc:datafield tag="700" ind1="0" ind2="0"><marc:subfield code="a">Polycarp,</marc:subfield><marc:subfield code="c">Saint, Bishop of Smyrna.</marc:subfield><marc:subfield code="t">Epistola ad Phillippenses.</marc:subfield><marc:subfield code="l">English &amp; Greek.</marc:subfield><marc:subfield code="f">1912.</marc:subfield></marc:datafield><marc:datafield tag="700" ind1="0" ind2="0"><marc:subfield code="a">Hermas,</marc:subfield><marc:subfield code="d">2nd cent.</marc:subfield><marc:subfield code="t">Shepherd.</marc:subfield><marc:subfield code="l">English &amp; Greek.</marc:subfield><marc:subfield code="f">1912.</marc:subfield></marc:datafield><marc:datafield tag="700" ind1="1" ind2="0"><marc:subfield code="a">Epistle to Diognetus. English and Greek. 1912.</marc:subfield></marc:datafield><marc:datafield tag="700" ind1="1" ind2="0"><marc:subfield code="a">Lake, Kirsopp,</marc:subfield><marc:subfield code="d">1872-1946.</marc:subfield></marc:datafield><marc:datafield tag="730" ind1="0" ind2="0"><marc:subfield code="a">Epistle of Barnabas.</marc:subfield><marc:subfield code="l">English &amp; Greek.</marc:subfield><marc:subfield code="f">1912.</marc:subfield></marc:datafield><marc:datafield tag="730" ind1="0" ind2="0"><marc:subfield code="a">Martyrdom of Polycarp.</marc:subfield><marc:subfield code="l">English &amp; Greek.</marc:subfield></marc:datafield><marc:datafield tag="730" ind1="0" ind2="1"><marc:subfield code="a">Didache.</marc:subfield><marc:subfield code="l">English &amp; Greek.</marc:subfield><marc:subfield code="f">1912.</marc:subfield></marc:datafield><marc:datafield tag="830" ind1=" " ind2="0"><marc:subfield code="a">Loeb classical library.</marc:subfield></marc:datafield><marc:datafield tag="035" ind1=" " ind2=" "><marc:subfield code="a">(TxDaGIAL)37741100017080</marc:subfield></marc:datafield><marc:controlfield tag="005">20080624154443.0</marc:controlfield><marc:controlfield tag="001">530</marc:controlfield><marc:controlfield tag="003">TxDaGIAL</marc:controlfield><marc:datafield tag="852" ind1=" " ind2=" "><marc:subfield code="p">37741100017080</marc:subfield><marc:subfield code="a">Library</marc:subfield><marc:subfield code="x">COPYID:599</marc:subfield><marc:subfield code="x">FSC@aRegular@c19970423</marc:subfield><marc:subfield code="h">886 A645 1 1975</marc:subfield><marc:subfield code="z">1537</marc:subfield></marc:datafield><marc:datafield tag="852" ind1=" " ind2=" "><marc:subfield code="p">37741100017081</marc:subfield><marc:subfield code="a">Library</marc:subfield><marc:subfield code="x">COPYID:600</marc:subfield><marc:subfield code="x">FSC@aRegular@c19970423</marc:subfield><marc:subfield code="h">886 A645 2 1970</marc:subfield><marc:subfield code="z">1538</marc:subfield></marc:datafield></marc:record>