
<marc:record><marc:leader>01208cam a2200313 i 4500</marc:leader>
<marc:controlfield tag="008">770323s1976    vau      b    00010 eng  </marc:controlfield>
<marc:datafield tag="010" ind1=" " ind2=" "><marc:subfield code="a">   76015079 //r923</marc:subfield></marc:datafield><marc:datafield tag="020" ind1=" " ind2=" "><marc:subfield code="a">087281050X</marc:subfield></marc:datafield><marc:datafield tag="040" ind1=" " ind2=" "><marc:subfield code="a">DLC</marc:subfield><marc:subfield code="c">DLC</marc:subfield><marc:subfield code="d">DLC</marc:subfield></marc:datafield><marc:datafield tag="043" ind1=" " ind2=" "><marc:subfield code="a">n-usa--</marc:subfield></marc:datafield><marc:datafield tag="050" ind1="0" ind2="0"><marc:subfield code="a">PE2970.A6</marc:subfield><marc:subfield code="b">W64</marc:subfield></marc:datafield><marc:datafield tag="082" ind1="0" ind2="0"><marc:subfield code="a">427/.9/74</marc:subfield></marc:datafield><marc:datafield tag="100" ind1="1" ind2="0"><marc:subfield code="a">Wolfram, Walt,</marc:subfield><marc:subfield code="d">1941-</marc:subfield></marc:datafield><marc:datafield tag="245" ind1="1" ind2="0"><marc:subfield code="a">Appalachian speech /</marc:subfield><marc:subfield code="c">Walt Wolfram, Donna Christian.</marc:subfield></marc:datafield><marc:datafield tag="260" ind1="0" ind2=" "><marc:subfield code="a">Arlington, Va. :</marc:subfield><marc:subfield code="b">Center for Applied Linguistics,</marc:subfield><marc:subfield code="c">1976.</marc:subfield></marc:datafield><marc:datafield tag="300" ind1=" " ind2=" "><marc:subfield code="a">viii, 190 p. ;</marc:subfield><marc:subfield code="c">23 cm.</marc:subfield></marc:datafield><marc:datafield tag="504" ind1=" " ind2=" "><marc:subfield code="a">Bibliography: p. [187]-190.</marc:subfield></marc:datafield><marc:datafield tag="650" ind1=" " ind2="0"><marc:subfield code="a">English language</marc:subfield><marc:subfield code="x">Spoken English</marc:subfield><marc:subfield code="z">Appalachian Region, Southern.</marc:subfield></marc:datafield><marc:datafield tag="650" ind1=" " ind2="0"><marc:subfield code="a">English language</marc:subfield><marc:subfield code="x">Dialects</marc:subfield><marc:subfield code="z">Appalachian Region, Southern.</marc:subfield></marc:datafield><marc:datafield tag="651" ind1=" " ind2="0"><marc:subfield code="a">Appalachian Region, Southern</marc:subfield><marc:subfield code="x">Social life and customs.</marc:subfield></marc:datafield><marc:datafield tag="650" ind1=" " ind2="0"><marc:subfield code="a">Americanisms</marc:subfield><marc:subfield code="z">Appalachian Region, Southern.</marc:subfield></marc:datafield><marc:datafield tag="700" ind1="1" ind2="0"><marc:subfield code="a">Christian, Donna,</marc:subfield><marc:subfield code="e">joint author.</marc:subfield></marc:datafield><marc:datafield tag="710" ind1="2" ind2="0"><marc:subfield code="a">Center for Applied Linguistics.</marc:subfield></marc:datafield><marc:datafield tag="035" ind1=" " ind2=" "><marc:subfield code="a">(TxDaGIAL)37741100005214</marc:subfield></marc:datafield><marc:controlfield tag="005">20080624154444.0</marc:controlfield><marc:controlfield tag="001">531</marc:controlfield><marc:controlfield tag="003">TxDaGIAL</marc:controlfield><marc:datafield tag="852" ind1=" " ind2=" "><marc:subfield code="p">37741100005214</marc:subfield><marc:subfield code="a">Library</marc:subfield><marc:subfield code="x">COPYID:601</marc:subfield><marc:subfield code="x">FSC@aRegular@c19950623</marc:subfield><marc:subfield code="h">427.974 W861a 1976</marc:subfield><marc:subfield code="z">1666</marc:subfield></marc:datafield><marc:datafield tag="852" ind1=" " ind2=" "><marc:subfield code="p">37741100005215</marc:subfield><marc:subfield code="a">Library</marc:subfield><marc:subfield code="x">COPYID:602</marc:subfield><marc:subfield code="x">FSC@aRegular@c19950623</marc:subfield><marc:subfield code="h">427.974 W861a 1976</marc:subfield><marc:subfield code="z">4509</marc:subfield></marc:datafield></marc:record>