
<marc:record><marc:leader>01141cam a2200301 p 4500</marc:leader>
<marc:controlfield tag="008">761109s1976    ne       b    10010 eng  </marc:controlfield>
<marc:datafield tag="010" ind1=" " ind2=" "><marc:subfield code="a">   76376719</marc:subfield></marc:datafield><marc:datafield tag="015" ind1=" " ind2=" "><marc:subfield code="a">Ne76-27</marc:subfield></marc:datafield><marc:datafield tag="020" ind1=" " ind2=" "><marc:subfield code="a">9027934843 :</marc:subfield><marc:subfield code="c">fl 96.00</marc:subfield></marc:datafield><marc:datafield tag="040" ind1=" " ind2=" "><marc:subfield code="a">DLC</marc:subfield><marc:subfield code="c">DLC</marc:subfield><marc:subfield code="d">DLC</marc:subfield></marc:datafield><marc:datafield tag="050" ind1="0" ind2="0"><marc:subfield code="a">P299.O73</marc:subfield><marc:subfield code="b">C6 1973</marc:subfield></marc:datafield><marc:datafield tag="082" ind1="0" ind2="0"><marc:subfield code="a">415</marc:subfield></marc:datafield><marc:datafield tag="111" ind1="2" ind2="0"><marc:subfield code="a">Conference on Rule Ordering</marc:subfield><marc:subfield code="d">(1973 :</marc:subfield><marc:subfield code="c">Indiana University)</marc:subfield></marc:datafield><marc:datafield tag="245" ind1="1" ind2="4"><marc:subfield code="a">The application and ordering of grammatical rules /</marc:subfield><marc:subfield code="c">edited by Andreas Koutsoudas.</marc:subfield></marc:datafield><marc:datafield tag="260" ind1="0" ind2=" "><marc:subfield code="a">The Hague :</marc:subfield><marc:subfield code="b">Mouton,</marc:subfield><marc:subfield code="c">1976.</marc:subfield></marc:datafield><marc:datafield tag="300" ind1=" " ind2=" "><marc:subfield code="a">vi, 360 p. ;</marc:subfield><marc:subfield code="c">25 cm.</marc:subfield></marc:datafield><marc:datafield tag="440" ind1=" " ind2="0"><marc:subfield code="a">Janua linguarum.</marc:subfield><marc:subfield code="p">Series maior ;</marc:subfield><marc:subfield code="v">100</marc:subfield></marc:datafield><marc:datafield tag="500" ind1=" " ind2=" "><marc:subfield code="a">&quot;Sponsored by the Linguistics Department and the Linguistics Club of Indiana University.&quot;</marc:subfield></marc:datafield><marc:datafield tag="504" ind1=" " ind2=" "><marc:subfield code="a">Includes bibliographical references.</marc:subfield></marc:datafield><marc:datafield tag="650" ind1=" " ind2="0"><marc:subfield code="a">Order (Grammar)</marc:subfield><marc:subfield code="v">Congresses.</marc:subfield></marc:datafield><marc:datafield tag="700" ind1="1" ind2="0"><marc:subfield code="a">Koutsoudas, Andreas.</marc:subfield></marc:datafield><marc:datafield tag="710" ind1="2" ind2="0"><marc:subfield code="a">Indiana University.</marc:subfield><marc:subfield code="b">Dept. of Linguistics.</marc:subfield></marc:datafield><marc:datafield tag="710" ind1="2" ind2="0"><marc:subfield code="a">Indiana University Linguistics Club.</marc:subfield></marc:datafield><marc:datafield tag="035" ind1=" " ind2=" "><marc:subfield code="a">(TxDaGIAL)37741100003539</marc:subfield></marc:datafield><marc:controlfield tag="005">20080624154444.0</marc:controlfield><marc:controlfield tag="001">533</marc:controlfield><marc:controlfield tag="003">TxDaGIAL</marc:controlfield><marc:datafield tag="852" ind1=" " ind2=" "><marc:subfield code="p">37741100003539</marc:subfield><marc:subfield code="a">Library</marc:subfield><marc:subfield code="x">COPYID:604</marc:subfield><marc:subfield code="x">FSC@aRegular@c19950419</marc:subfield><marc:subfield code="h">415 A652k 1976</marc:subfield><marc:subfield code="z">5021</marc:subfield><marc:subfield code="x">orig. acc. no. 5021</marc:subfield></marc:datafield></marc:record>