
<marc:record><marc:leader>00912nam a2200229 a 4500</marc:leader>
<marc:controlfield tag="008">960805s1980    txu           000 0 eng d</marc:controlfield>
<marc:datafield tag="040" ind1=" " ind2=" "><marc:subfield code="a">TxArU</marc:subfield><marc:subfield code="c">TxDaGIAL</marc:subfield></marc:datafield><marc:datafield tag="100" ind1="1" ind2=" "><marc:subfield code="a">Walter, Stephen L.</marc:subfield></marc:datafield><marc:datafield tag="245" ind1="1" ind2="0"><marc:subfield code="a">Application of a cognitive model of linguistic structure to the analysis of selected problems in Tzeltal (Mayan) grammar /</marc:subfield><marc:subfield code="c">by Stephen Leslie Walter.</marc:subfield></marc:datafield><marc:datafield tag="260" ind1=" " ind2=" "><marc:subfield code="c">1980.</marc:subfield></marc:datafield><marc:datafield tag="300" ind1=" " ind2=" "><marc:subfield code="a">xiv, 322 leaves ;</marc:subfield><marc:subfield code="c">30 cm.</marc:subfield></marc:datafield><marc:datafield tag="502" ind1=" " ind2=" "><marc:subfield code="a">Thesis (Ph.D.)--University of Texas at Arlington, 1980.</marc:subfield></marc:datafield><marc:datafield tag="504" ind1=" " ind2=" "><marc:subfield code="a">Bibliography: leaves 315-322.</marc:subfield></marc:datafield><marc:datafield tag="650" ind1=" " ind2="0"><marc:subfield code="a">Linguistics</marc:subfield><marc:subfield code="x">Philosophy.</marc:subfield></marc:datafield><marc:datafield tag="650" ind1=" " ind2="0"><marc:subfield code="a">Tzeltal language</marc:subfield><marc:subfield code="x">Grammar.</marc:subfield></marc:datafield><marc:datafield tag="650" ind1=" " ind2="0"><marc:subfield code="a">Cognitive grammar.</marc:subfield></marc:datafield><marc:datafield tag="610" ind1="2" ind2="0"><marc:subfield code="a">University of Texas at Arlington.</marc:subfield><marc:subfield code="b">Graduate School</marc:subfield><marc:subfield code="x">Thesis.</marc:subfield></marc:datafield><marc:datafield tag="035" ind1=" " ind2=" "><marc:subfield code="a">(TxDaGIAL)37741100012809</marc:subfield></marc:datafield><marc:controlfield tag="005">20080624154444.0</marc:controlfield><marc:controlfield tag="001">534</marc:controlfield><marc:controlfield tag="003">TxDaGIAL</marc:controlfield><marc:datafield tag="852" ind1=" " ind2=" "><marc:subfield code="p">37741100012809</marc:subfield><marc:subfield code="a">Library</marc:subfield><marc:subfield code="9">$0.00</marc:subfield><marc:subfield code="x">COPYID:605</marc:subfield><marc:subfield code="x">FSC@aRegular@c19960805</marc:subfield><marc:subfield code="h">497.415 W234a 1980</marc:subfield><marc:subfield code="z">author gift</marc:subfield></marc:datafield></marc:record>