
<marc:record><marc:leader>01202cam a2200277 a 4500</marc:leader>
<marc:controlfield tag="008">850206s1985    cau      pb   00010 eng  </marc:controlfield>
<marc:datafield tag="010" ind1=" " ind2=" "><marc:subfield code="a">   85004097</marc:subfield></marc:datafield><marc:datafield tag="020" ind1=" " ind2=" "><marc:subfield code="a">0887441335 (pbk.) :</marc:subfield><marc:subfield code="c">$17.95 (est.)</marc:subfield></marc:datafield><marc:datafield tag="040" ind1=" " ind2=" "><marc:subfield code="a">DLC</marc:subfield><marc:subfield code="c">DLC</marc:subfield><marc:subfield code="d">TxDaGIAL</marc:subfield></marc:datafield><marc:datafield tag="050" ind1="1" ind2=" "><marc:subfield code="a">RJ496.S7</marc:subfield><marc:subfield code="b">K43 1985</marc:subfield></marc:datafield><marc:datafield tag="082" ind1="0" ind2=" "><marc:subfield code="a">618.92/855075</marc:subfield><marc:subfield code="2">19</marc:subfield></marc:datafield><marc:datafield tag="082" ind1="0" ind2="4"><marc:subfield code="a">414/.07/7</marc:subfield><marc:subfield code="2">21</marc:subfield></marc:datafield><marc:datafield tag="100" ind1="1" ind2="0"><marc:subfield code="a">Khan, Linda M. L.,</marc:subfield><marc:subfield code="d">1948-</marc:subfield></marc:datafield><marc:datafield tag="245" ind1="1" ind2="0"><marc:subfield code="a">Applications of phonological analysis :</marc:subfield><marc:subfield code="b">a programmed learning text /</marc:subfield><marc:subfield code="c">Linda M.L. Khan.</marc:subfield></marc:datafield><marc:datafield tag="260" ind1="0" ind2=" "><marc:subfield code="a">San Diego, Calif. :</marc:subfield><marc:subfield code="b">College-Hill Press,</marc:subfield><marc:subfield code="c">c1985.</marc:subfield></marc:datafield><marc:datafield tag="300" ind1=" " ind2=" "><marc:subfield code="a">xvii, 255 p. ;</marc:subfield><marc:subfield code="c">26 cm.</marc:subfield></marc:datafield><marc:datafield tag="504" ind1=" " ind2=" "><marc:subfield code="a">Includes bibliographical references (p. 255).</marc:subfield></marc:datafield><marc:datafield tag="500" ind1=" " ind2=" "><marc:subfield code="a">&quot;Basic information describing sound changes and phonological processes is available in a similar volume entitled Basics of Phonological Analysis&quot; -- Preface.</marc:subfield></marc:datafield><marc:datafield tag="650" ind1=" " ind2="0"><marc:subfield code="a">Speech disorders in children</marc:subfield><marc:subfield code="x">Diagnosis</marc:subfield><marc:subfield code="v">Programmed instruction.</marc:subfield></marc:datafield><marc:datafield tag="650" ind1=" " ind2="0"><marc:subfield code="a">Grammar, Comparative and general</marc:subfield><marc:subfield code="x">Phonology</marc:subfield><marc:subfield code="v">Programmed instruction.</marc:subfield></marc:datafield><marc:datafield tag="740" ind1="0" ind2="1"><marc:subfield code="a">Basics of phonological analysis.</marc:subfield></marc:datafield><marc:datafield tag="035" ind1=" " ind2=" "><marc:subfield code="a">(TxDaGIAL)37741100005456</marc:subfield></marc:datafield><marc:controlfield tag="005">20080624154444.0</marc:controlfield><marc:controlfield tag="001">536</marc:controlfield><marc:controlfield tag="003">TxDaGIAL</marc:controlfield><marc:datafield tag="852" ind1=" " ind2=" "><marc:subfield code="p">37741100005456</marc:subfield><marc:subfield code="a">Library</marc:subfield><marc:subfield code="x">COPYID:607</marc:subfield><marc:subfield code="x">FSC@aRegular@c19950701</marc:subfield><marc:subfield code="h">414.077 K12a 1985</marc:subfield><marc:subfield code="z">12521</marc:subfield></marc:datafield></marc:record>