
<marc:record><marc:leader>00735pam a2200229 a 4500</marc:leader>
<marc:controlfield tag="008">840626s1985    nju      b    00110 eng  </marc:controlfield>
<marc:datafield tag="010" ind1=" " ind2=" "><marc:subfield code="a">   84015010</marc:subfield></marc:datafield><marc:datafield tag="020" ind1=" " ind2=" "><marc:subfield code="a">0130393711 (pbk.) :</marc:subfield><marc:subfield code="c">$20.95</marc:subfield></marc:datafield><marc:datafield tag="050" ind1="0" ind2=" "><marc:subfield code="a">GN27</marc:subfield><marc:subfield code="b">.C45 1985</marc:subfield></marc:datafield><marc:datafield tag="082" ind1="0" ind2=" "><marc:subfield code="a">306</marc:subfield><marc:subfield code="2">19</marc:subfield></marc:datafield><marc:datafield tag="100" ind1="1" ind2="0"><marc:subfield code="a">Chambers, Erve.</marc:subfield></marc:datafield><marc:datafield tag="245" ind1="1" ind2="0"><marc:subfield code="a">Applied anthropology :</marc:subfield><marc:subfield code="b">a practical guide /</marc:subfield><marc:subfield code="c">Erve Chambers.</marc:subfield></marc:datafield><marc:datafield tag="260" ind1="0" ind2=" "><marc:subfield code="a">Englewood Cliffs, N.J. :</marc:subfield><marc:subfield code="b">Prentice-Hall,</marc:subfield><marc:subfield code="c">c1985.</marc:subfield></marc:datafield><marc:datafield tag="300" ind1=" " ind2=" "><marc:subfield code="a">ix, 258 p. ;</marc:subfield><marc:subfield code="c">23 cm.</marc:subfield></marc:datafield><marc:datafield tag="504" ind1=" " ind2=" "><marc:subfield code="a">Bibliography: p. 234-243.</marc:subfield></marc:datafield><marc:datafield tag="500" ind1=" " ind2=" "><marc:subfield code="a">Includes index.</marc:subfield></marc:datafield><marc:datafield tag="650" ind1=" " ind2="0"><marc:subfield code="a">Applied anthropology.</marc:subfield></marc:datafield><marc:datafield tag="035" ind1=" " ind2=" "><marc:subfield code="a">(TxDaGIAL)37741100009091</marc:subfield></marc:datafield><marc:controlfield tag="005">20080624154445.0</marc:controlfield><marc:controlfield tag="001">537</marc:controlfield><marc:controlfield tag="003">TxDaGIAL</marc:controlfield><marc:datafield tag="852" ind1=" " ind2=" "><marc:subfield code="p">37741100009091</marc:subfield><marc:subfield code="a">Library</marc:subfield><marc:subfield code="x">COPYID:608</marc:subfield><marc:subfield code="x">FSC@aRegular@c19951026</marc:subfield><marc:subfield code="h">301 C444a 1985</marc:subfield><marc:subfield code="z">11481</marc:subfield></marc:datafield></marc:record>