
<marc:record><marc:leader>00887pam a2200253 a 4500</marc:leader>
<marc:controlfield tag="008">850812s1986    maua     b    00110 eng  </marc:controlfield>
<marc:datafield tag="010" ind1=" " ind2=" "><marc:subfield code="a">   85019956</marc:subfield></marc:datafield><marc:datafield tag="020" ind1=" " ind2=" "><marc:subfield code="a">0897890965 :</marc:subfield><marc:subfield code="c">$34.95</marc:subfield></marc:datafield><marc:datafield tag="020" ind1=" " ind2=" "><marc:subfield code="a">0897890973 (pbk.) :</marc:subfield><marc:subfield code="c">$18.95</marc:subfield></marc:datafield><marc:datafield tag="050" ind1="0" ind2=" "><marc:subfield code="a">GN397.5</marc:subfield><marc:subfield code="b">.V36 1986</marc:subfield></marc:datafield><marc:datafield tag="082" ind1="0" ind2=" "><marc:subfield code="a">306</marc:subfield><marc:subfield code="2">19</marc:subfield></marc:datafield><marc:datafield tag="100" ind1="1" ind2="0"><marc:subfield code="a">Van Willigen, John.</marc:subfield></marc:datafield><marc:datafield tag="245" ind1="1" ind2="0"><marc:subfield code="a">Applied anthropology :</marc:subfield><marc:subfield code="b">an introduction /</marc:subfield><marc:subfield code="c">John van Willigen.</marc:subfield></marc:datafield><marc:datafield tag="260" ind1="0" ind2=" "><marc:subfield code="a">South Hadley, Mass. :</marc:subfield><marc:subfield code="b">Bergin &amp; Garvey,</marc:subfield><marc:subfield code="c">1986.</marc:subfield></marc:datafield><marc:datafield tag="300" ind1=" " ind2=" "><marc:subfield code="a">xviii, 259 p. :</marc:subfield><marc:subfield code="b">ill. ;</marc:subfield><marc:subfield code="c">25 cm.</marc:subfield></marc:datafield><marc:datafield tag="504" ind1=" " ind2=" "><marc:subfield code="a">Bibliography: p. 227-247.</marc:subfield></marc:datafield><marc:datafield tag="500" ind1=" " ind2=" "><marc:subfield code="a">Includes index.</marc:subfield></marc:datafield><marc:datafield tag="650" ind1=" " ind2="0"><marc:subfield code="a">Applied anthropology.</marc:subfield></marc:datafield><marc:datafield tag="035" ind1=" " ind2=" "><marc:subfield code="a">(TxDaGIAL)37741100009146</marc:subfield></marc:datafield><marc:controlfield tag="005">20080624154445.0</marc:controlfield><marc:controlfield tag="001">538</marc:controlfield><marc:controlfield tag="003">TxDaGIAL</marc:controlfield><marc:datafield tag="852" ind1=" " ind2=" "><marc:subfield code="p">37741100009146</marc:subfield><marc:subfield code="a">Library</marc:subfield><marc:subfield code="x">COPYID:609</marc:subfield><marc:subfield code="x">FSC@aRegular@c19951101</marc:subfield><marc:subfield code="h">301 V285 1986</marc:subfield><marc:subfield code="z">12160</marc:subfield></marc:datafield><marc:datafield tag="852" ind1=" " ind2=" "><marc:subfield code="p">37741100009147</marc:subfield><marc:subfield code="a">Library</marc:subfield><marc:subfield code="x">COPYID:610</marc:subfield><marc:subfield code="x">FSC@aRegular@c19951101</marc:subfield><marc:subfield code="h">301 V285 1986</marc:subfield><marc:subfield code="z">12456</marc:subfield></marc:datafield></marc:record>