
<marc:record><marc:leader>00869cam a2200241 i 4500</marc:leader>
<marc:controlfield tag="008">690526s1969    mau      b    00110 eng  </marc:controlfield>
<marc:datafield tag="010" ind1=" " ind2=" "><marc:subfield code="a">   69020322</marc:subfield></marc:datafield><marc:datafield tag="050" ind1="0" ind2=" "><marc:subfield code="a">GN24</marc:subfield><marc:subfield code="b">.F6</marc:subfield></marc:datafield><marc:datafield tag="082" ind1=" " ind2=" "><marc:subfield code="a">301.2</marc:subfield></marc:datafield><marc:datafield tag="100" ind1="1" ind2="0"><marc:subfield code="a">Foster, George McClelland,</marc:subfield><marc:subfield code="d">1913-</marc:subfield></marc:datafield><marc:datafield tag="245" ind1="1" ind2="0"><marc:subfield code="a">Applied anthropology /</marc:subfield><marc:subfield code="c">George M. Foster.</marc:subfield></marc:datafield><marc:datafield tag="260" ind1="0" ind2=" "><marc:subfield code="a">Boston :</marc:subfield><marc:subfield code="b">Little, Brown,</marc:subfield><marc:subfield code="c">c1969.</marc:subfield></marc:datafield><marc:datafield tag="300" ind1=" " ind2=" "><marc:subfield code="a">xiv, 238 p. ;</marc:subfield><marc:subfield code="c">22 cm.</marc:subfield></marc:datafield><marc:datafield tag="490" ind1="0" ind2=" "><marc:subfield code="a">[The Little, Brown series in anthropology]</marc:subfield></marc:datafield><marc:datafield tag="504" ind1=" " ind2=" "><marc:subfield code="a">Bibliography: p. 219-229.</marc:subfield></marc:datafield><marc:datafield tag="500" ind1=" " ind2=" "><marc:subfield code="a">Includes index.</marc:subfield></marc:datafield><marc:datafield tag="650" ind1=" " ind2="0"><marc:subfield code="a">Applied anthropology.</marc:subfield></marc:datafield><marc:datafield tag="035" ind1=" " ind2=" "><marc:subfield code="a">(TxDaGIAL)37741100009416</marc:subfield></marc:datafield><marc:controlfield tag="005">20080624154445.0</marc:controlfield><marc:controlfield tag="001">539</marc:controlfield><marc:controlfield tag="003">TxDaGIAL</marc:controlfield><marc:datafield tag="852" ind1=" " ind2=" "><marc:subfield code="p">37741100009416</marc:subfield><marc:subfield code="a">Library</marc:subfield><marc:subfield code="x">COPYID:611</marc:subfield><marc:subfield code="x">FSC@aRegular@c19951108</marc:subfield><marc:subfield code="h">301 F754a 1969</marc:subfield><marc:subfield code="z">8344</marc:subfield></marc:datafield><marc:datafield tag="852" ind1=" " ind2=" "><marc:subfield code="p">37741100024505</marc:subfield><marc:subfield code="a">Library</marc:subfield><marc:subfield code="9">$0.00</marc:subfield><marc:subfield code="x">FUND:Gift</marc:subfield><marc:subfield code="x">COPYID:612</marc:subfield><marc:subfield code="x">FSC@aRegular@c20010214</marc:subfield><marc:subfield code="h">301 F754a 1969</marc:subfield><marc:subfield code="z">Gift William R. Merrifield 7-00</marc:subfield></marc:datafield></marc:record>