
<marc:record><marc:leader>00968cam a2200265Ii 4500</marc:leader>
<marc:controlfield tag="008">890619s1966    kyu      b    00010 engm </marc:controlfield>
<marc:datafield tag="010" ind1=" " ind2=" "><marc:subfield code="a">   66006224</marc:subfield></marc:datafield><marc:datafield tag="040" ind1=" " ind2=" "><marc:subfield code="a">DLC</marc:subfield><marc:subfield code="c">CSU</marc:subfield><marc:subfield code="d">m.c.</marc:subfield><marc:subfield code="d">SER</marc:subfield><marc:subfield code="d">NDD</marc:subfield></marc:datafield><marc:datafield tag="050" ind1="0" ind2=" "><marc:subfield code="a">HN793.5</marc:subfield><marc:subfield code="b">.B7</marc:subfield></marc:datafield><marc:datafield tag="100" ind1="1" ind2="0"><marc:subfield code="a">Brokensha, David.</marc:subfield></marc:datafield><marc:datafield tag="245" ind1="1" ind2="0"><marc:subfield code="a">Applied anthropology in English-speaking Africa /</marc:subfield><marc:subfield code="c">[by] David Brokensha.</marc:subfield></marc:datafield><marc:datafield tag="260" ind1="0" ind2=" "><marc:subfield code="a">[Lexington, Ky.] :</marc:subfield><marc:subfield code="b">Society for Applied Anthropology,</marc:subfield><marc:subfield code="c">1966.</marc:subfield></marc:datafield><marc:datafield tag="300" ind1=" " ind2=" "><marc:subfield code="a">31 p. ;</marc:subfield><marc:subfield code="c">28 cm.</marc:subfield></marc:datafield><marc:datafield tag="490" ind1="1" ind2=" "><marc:subfield code="a">Society for Applied Anthropology. Monograph ;</marc:subfield><marc:subfield code="v">no. 8</marc:subfield></marc:datafield><marc:datafield tag="500" ind1=" " ind2=" "><marc:subfield code="a">Cover title.</marc:subfield></marc:datafield><marc:datafield tag="504" ind1=" " ind2=" "><marc:subfield code="a">Bibliography: p. 18-31.</marc:subfield></marc:datafield><marc:datafield tag="651" ind1=" " ind2="0"><marc:subfield code="a">Africa, East</marc:subfield><marc:subfield code="x">Social conditions.</marc:subfield></marc:datafield><marc:datafield tag="651" ind1=" " ind2="0"><marc:subfield code="a">South Africa</marc:subfield><marc:subfield code="x">Social conditions.</marc:subfield></marc:datafield><marc:datafield tag="651" ind1=" " ind2="0"><marc:subfield code="a">Africa, West</marc:subfield><marc:subfield code="x">Social conditions.</marc:subfield></marc:datafield><marc:datafield tag="830" ind1=" " ind2="0"><marc:subfield code="a">Monograph (Society for Applied Anthropology) ;</marc:subfield><marc:subfield code="v">no. 8.</marc:subfield></marc:datafield><marc:datafield tag="035" ind1=" " ind2=" "><marc:subfield code="a">(TxDaGIAL)37741100018907</marc:subfield></marc:datafield><marc:controlfield tag="005">20080624154445.0</marc:controlfield><marc:controlfield tag="001">540</marc:controlfield><marc:controlfield tag="003">TxDaGIAL</marc:controlfield><marc:datafield tag="852" ind1=" " ind2=" "><marc:subfield code="p">37741100018907</marc:subfield><marc:subfield code="a">Library</marc:subfield><marc:subfield code="x">COPYID:613</marc:subfield><marc:subfield code="x">FSC@aRegular@c19970708</marc:subfield><marc:subfield code="h">306.096 B867a 1966</marc:subfield></marc:datafield></marc:record>