
<marc:record><marc:leader>00961cam a2200277   4500</marc:leader>
<marc:controlfield tag="008">730822s1973    nyu      b    00100 eng  </marc:controlfield>
<marc:datafield tag="010" ind1=" " ind2=" "><marc:subfield code="a">   72014010 //r82</marc:subfield></marc:datafield><marc:datafield tag="020" ind1=" " ind2=" "><marc:subfield code="a">0061361186</marc:subfield></marc:datafield><marc:datafield tag="040" ind1=" " ind2=" "><marc:subfield code="a">DLC</marc:subfield><marc:subfield code="c">DLC</marc:subfield><marc:subfield code="d">DLC</marc:subfield><marc:subfield code="d">TxDaGIAL</marc:subfield></marc:datafield><marc:datafield tag="041" ind1="1" ind2=" "><marc:subfield code="a">engfre</marc:subfield></marc:datafield><marc:datafield tag="050" ind1="0" ind2=" "><marc:subfield code="a">GN27</marc:subfield><marc:subfield code="b">.B313</marc:subfield></marc:datafield><marc:datafield tag="082" ind1=" " ind2=" "><marc:subfield code="a">301.2</marc:subfield></marc:datafield><marc:datafield tag="100" ind1="1" ind2="0"><marc:subfield code="a">Bastide, Roger,</marc:subfield><marc:subfield code="d">1898-1974.</marc:subfield></marc:datafield><marc:datafield tag="240" ind1="1" ind2="0"><marc:subfield code="a">Anthropologie applique.</marc:subfield><marc:subfield code="l">English.</marc:subfield></marc:datafield><marc:datafield tag="245" ind1="1" ind2="0"><marc:subfield code="a">Applied anthropology. /</marc:subfield><marc:subfield code="c">Translated from the French by Alice L. Morton.</marc:subfield></marc:datafield><marc:datafield tag="260" ind1="0" ind2=" "><marc:subfield code="a">New York :</marc:subfield><marc:subfield code="b">Harper &amp; Row,</marc:subfield><marc:subfield code="c">[1973]</marc:subfield></marc:datafield><marc:datafield tag="300" ind1=" " ind2=" "><marc:subfield code="a">226 p. ;</marc:subfield><marc:subfield code="c">23 cm.</marc:subfield></marc:datafield><marc:datafield tag="500" ind1=" " ind2=" "><marc:subfield code="a">Translation of Anthropologie applique.</marc:subfield></marc:datafield><marc:datafield tag="504" ind1=" " ind2=" "><marc:subfield code="a">Bibliography: p. 220-223.</marc:subfield></marc:datafield><marc:datafield tag="650" ind1=" " ind2="0"><marc:subfield code="a">Applied anthropology.</marc:subfield></marc:datafield><marc:datafield tag="035" ind1=" " ind2=" "><marc:subfield code="a">(TxDaGIAL)37741100001133</marc:subfield></marc:datafield><marc:controlfield tag="005">20080624154446.0</marc:controlfield><marc:controlfield tag="001">541</marc:controlfield><marc:controlfield tag="003">TxDaGIAL</marc:controlfield><marc:datafield tag="852" ind1=" " ind2=" "><marc:subfield code="p">37741100001133</marc:subfield><marc:subfield code="a">Library</marc:subfield><marc:subfield code="x">COPYID:614</marc:subfield><marc:subfield code="x">FSC@aRegular@c19950123</marc:subfield><marc:subfield code="h">301 B326a 1971</marc:subfield><marc:subfield code="z">5982</marc:subfield></marc:datafield><marc:datafield tag="852" ind1=" " ind2=" "><marc:subfield code="p">37741100001134</marc:subfield><marc:subfield code="a">Library</marc:subfield><marc:subfield code="x">COPYID:615</marc:subfield><marc:subfield code="x">FSC@aRegular@c19950123</marc:subfield><marc:subfield code="h">301 B326a 1971</marc:subfield><marc:subfield code="z">11062</marc:subfield></marc:datafield></marc:record>