
<marc:record><marc:leader>00808cam a2200241 i 4500</marc:leader>
<marc:controlfield tag="008">750414s1973    sw a     b    00010 eng  </marc:controlfield>
<marc:datafield tag="010" ind1=" " ind2=" "><marc:subfield code="a">   75308942 //r85</marc:subfield></marc:datafield><marc:datafield tag="015" ind1=" " ind2=" "><marc:subfield code="a">S75</marc:subfield></marc:datafield><marc:datafield tag="043" ind1=" " ind2=" "><marc:subfield code="a">f------</marc:subfield></marc:datafield><marc:datafield tag="050" ind1="0" ind2=" "><marc:subfield code="a">P92.A4</marc:subfield><marc:subfield code="b">F8</marc:subfield></marc:datafield><marc:datafield tag="082" ind1=" " ind2=" "><marc:subfield code="a">301.14/096</marc:subfield></marc:datafield><marc:datafield tag="100" ind1="1" ind2="0"><marc:subfield code="a">Fuglesang, Andreas.</marc:subfield></marc:datafield><marc:datafield tag="245" ind1="1" ind2="0"><marc:subfield code="a">Applied communication in developing countries :</marc:subfield><marc:subfield code="b">ideas and observations /</marc:subfield><marc:subfield code="c">Andreas Fuglesang.</marc:subfield></marc:datafield><marc:datafield tag="260" ind1="0" ind2=" "><marc:subfield code="a">Uppsala :</marc:subfield><marc:subfield code="b">Dag Hammarskjld Foundation,</marc:subfield><marc:subfield code="c">1973.</marc:subfield></marc:datafield><marc:datafield tag="300" ind1=" " ind2=" "><marc:subfield code="a">124 p. :</marc:subfield><marc:subfield code="b">ill. ;</marc:subfield><marc:subfield code="c">28 cm.</marc:subfield></marc:datafield><marc:datafield tag="504" ind1=" " ind2=" "><marc:subfield code="a">Includes bibliographical references.</marc:subfield></marc:datafield><marc:datafield tag="650" ind1=" " ind2="0"><marc:subfield code="a">Communication</marc:subfield><marc:subfield code="z">Africa.</marc:subfield></marc:datafield><marc:datafield tag="650" ind1=" " ind2="0"><marc:subfield code="a">Intercultural communication.</marc:subfield></marc:datafield><marc:datafield tag="035" ind1=" " ind2=" "><marc:subfield code="a">(TxDaGIAL)37741100010457</marc:subfield></marc:datafield><marc:controlfield tag="005">20080624154446.0</marc:controlfield><marc:controlfield tag="001">542</marc:controlfield><marc:controlfield tag="003">TxDaGIAL</marc:controlfield><marc:datafield tag="852" ind1=" " ind2=" "><marc:subfield code="p">37741100010457</marc:subfield><marc:subfield code="a">Library</marc:subfield><marc:subfield code="x">COPYID:616</marc:subfield><marc:subfield code="x">FSC@aRegular@c19960401</marc:subfield><marc:subfield code="h">303.482 F958a 1973</marc:subfield><marc:subfield code="z">3987</marc:subfield></marc:datafield></marc:record>