
<marc:record><marc:leader>00955cam a2200277 i 4500</marc:leader>
<marc:controlfield tag="008">790105s1979    deu      b    00000 eng  </marc:controlfield>
<marc:datafield tag="010" ind1=" " ind2=" "><marc:subfield code="a">   79000016 //r85</marc:subfield></marc:datafield><marc:datafield tag="020" ind1=" " ind2=" "><marc:subfield code="a">0872077225</marc:subfield></marc:datafield><marc:datafield tag="040" ind1=" " ind2=" "><marc:subfield code="a">DLC</marc:subfield><marc:subfield code="c">DLC</marc:subfield><marc:subfield code="d">TxDaGIAL</marc:subfield></marc:datafield><marc:datafield tag="050" ind1="0" ind2=" "><marc:subfield code="a">LB1050</marc:subfield><marc:subfield code="b">.A64</marc:subfield></marc:datafield><marc:datafield tag="082" ind1=" " ind2=" "><marc:subfield code="a">372.6</marc:subfield></marc:datafield><marc:datafield tag="245" ind1="0" ind2="0"><marc:subfield code="a">Applied linguistics and reading /</marc:subfield><marc:subfield code="c">edited by Robert E. Shafer for the IRA Linguistics and Reading Subcommittee Two.</marc:subfield></marc:datafield><marc:datafield tag="260" ind1="0" ind2=" "><marc:subfield code="a">Newark, Del. :</marc:subfield><marc:subfield code="b">International Reading Association,</marc:subfield><marc:subfield code="c">c1979.</marc:subfield></marc:datafield><marc:datafield tag="300" ind1=" " ind2=" "><marc:subfield code="a">ix, 165 p. ;</marc:subfield><marc:subfield code="c">22 cm.</marc:subfield></marc:datafield><marc:datafield tag="504" ind1=" " ind2=" "><marc:subfield code="a">Includes bibliographies.</marc:subfield></marc:datafield><marc:datafield tag="650" ind1=" " ind2="0"><marc:subfield code="a">Reading.</marc:subfield></marc:datafield><marc:datafield tag="650" ind1=" " ind2="0"><marc:subfield code="a">Children</marc:subfield><marc:subfield code="x">Language.</marc:subfield></marc:datafield><marc:datafield tag="650" ind1=" " ind2="0"><marc:subfield code="a">Language arts.</marc:subfield></marc:datafield><marc:datafield tag="650" ind1=" " ind2="0"><marc:subfield code="a">Applied linguistics.</marc:subfield></marc:datafield><marc:datafield tag="700" ind1="1" ind2="0"><marc:subfield code="a">Shafer, Robert Eugene,</marc:subfield><marc:subfield code="d">1925-</marc:subfield></marc:datafield><marc:datafield tag="710" ind1="2" ind2="0"><marc:subfield code="a">IRA Linguistics and Reading Subcommittee Two.</marc:subfield></marc:datafield><marc:datafield tag="035" ind1=" " ind2=" "><marc:subfield code="a">(TxDaGIAL)37741100010313</marc:subfield></marc:datafield><marc:controlfield tag="005">20080624154446.0</marc:controlfield><marc:controlfield tag="001">543</marc:controlfield><marc:controlfield tag="003">TxDaGIAL</marc:controlfield><marc:datafield tag="852" ind1=" " ind2=" "><marc:subfield code="p">37741100010313</marc:subfield><marc:subfield code="a">Library</marc:subfield><marc:subfield code="x">COPYID:617</marc:subfield><marc:subfield code="x">FSC@aRegular@c19951215</marc:subfield><marc:subfield code="h">418.4 A652s 1979</marc:subfield><marc:subfield code="z">6648</marc:subfield></marc:datafield></marc:record>