
<marc:record><marc:leader>01006Qam a2200241Ia 4500</marc:leader>
<marc:controlfield tag="008">750513s1954    dcua     b    000 0 engmc</marc:controlfield>
<marc:datafield tag="010" ind1=" " ind2=" "><marc:subfield code="a">a  56003004</marc:subfield></marc:datafield><marc:datafield tag="035" ind1=" " ind2=" "><marc:subfield code="a">(CU-UC)3223782</marc:subfield></marc:datafield><marc:datafield tag="040" ind1=" " ind2=" "><marc:subfield code="a">Michigan. Univ. Libr.</marc:subfield><marc:subfield code="c">IUA</marc:subfield><marc:subfield code="d">m.c.</marc:subfield><marc:subfield code="d">SER</marc:subfield><marc:subfield code="d">CU-SC</marc:subfield><marc:subfield code="d">TxDaGIAL</marc:subfield></marc:datafield><marc:datafield tag="245" ind1="0" ind2="0"><marc:subfield code="a">Applied linguistics in language teaching /</marc:subfield><marc:subfield code="c">edited by Ernst Pulgram.</marc:subfield></marc:datafield><marc:datafield tag="260" ind1=" " ind2=" "><marc:subfield code="a">Washington :</marc:subfield><marc:subfield code="b">Georgetown University Press,</marc:subfield><marc:subfield code="c">[1954]</marc:subfield></marc:datafield><marc:datafield tag="300" ind1=" " ind2=" "><marc:subfield code="a">viii, 85 p. :</marc:subfield><marc:subfield code="b">illus., diagrs. ;</marc:subfield><marc:subfield code="c">23 cm.</marc:subfield></marc:datafield><marc:datafield tag="490" ind1="1" ind2=" "><marc:subfield code="a">Georgetown University. School of Foreign Service. Institute of Languages and Linguistics. Monograph series on languages and linguistics ;</marc:subfield><marc:subfield code="v">no. 6.</marc:subfield></marc:datafield><marc:datafield tag="504" ind1=" " ind2=" "><marc:subfield code="a">Bibliographical footnotes.</marc:subfield></marc:datafield><marc:datafield tag="546" ind1=" " ind2=" "><marc:subfield code="a">English.</marc:subfield></marc:datafield><marc:datafield tag="650" ind1=" " ind2="0"><marc:subfield code="a">Languages, Modern</marc:subfield><marc:subfield code="x">Study and teaching.</marc:subfield></marc:datafield><marc:datafield tag="700" ind1="1" ind2="0"><marc:subfield code="a">Pulgram, Ernst.</marc:subfield></marc:datafield><marc:datafield tag="830" ind1=" " ind2="0"><marc:subfield code="a">Monograph series on languages and linguistics ;</marc:subfield><marc:subfield code="v">no. 6.</marc:subfield></marc:datafield><marc:datafield tag="035" ind1=" " ind2=" "><marc:subfield code="a">(TxDaGIAL)37741100021243</marc:subfield></marc:datafield><marc:controlfield tag="005">20080624154447.0</marc:controlfield><marc:controlfield tag="001">545</marc:controlfield><marc:controlfield tag="003">TxDaGIAL</marc:controlfield><marc:datafield tag="852" ind1=" " ind2=" "><marc:subfield code="p">37741100021243</marc:subfield><marc:subfield code="a">Library</marc:subfield><marc:subfield code="x">COPYID:619</marc:subfield><marc:subfield code="x">FSC@aRegular@c19971021</marc:subfield><marc:subfield code="h">405 G351 1954m</marc:subfield></marc:datafield></marc:record>