
<marc:record><marc:leader>01436cam a2200277 a 4500</marc:leader>
<marc:controlfield tag="008">841130s1984    enk      b    00100 eng  </marc:controlfield>
<marc:datafield tag="010" ind1=" " ind2=" "><marc:subfield code="a">   83071853 //r90</marc:subfield></marc:datafield><marc:datafield tag="020" ind1=" " ind2=" "><marc:subfield code="a">0127012206 :</marc:subfield><marc:subfield code="c">$30.00 (U.S.)</marc:subfield></marc:datafield><marc:datafield tag="040" ind1=" " ind2=" "><marc:subfield code="a">DLC</marc:subfield><marc:subfield code="c">DLC</marc:subfield><marc:subfield code="d">DLC</marc:subfield></marc:datafield><marc:datafield tag="050" ind1="0" ind2="0"><marc:subfield code="a">P40</marc:subfield><marc:subfield code="b">.A67 1984</marc:subfield></marc:datafield><marc:datafield tag="082" ind1="0" ind2="0"><marc:subfield code="a">401/.9</marc:subfield><marc:subfield code="2">19</marc:subfield></marc:datafield><marc:datafield tag="245" ind1="0" ind2="0"><marc:subfield code="a">Applied sociolinguistics /</marc:subfield><marc:subfield code="c">edited by Peter Trudgill.</marc:subfield></marc:datafield><marc:datafield tag="260" ind1="0" ind2=" "><marc:subfield code="a">London ;</marc:subfield><marc:subfield code="a">Orlando :</marc:subfield><marc:subfield code="b">Academic Press,</marc:subfield><marc:subfield code="c">1984.</marc:subfield></marc:datafield><marc:datafield tag="300" ind1=" " ind2=" "><marc:subfield code="a">xii, 271 p. ;</marc:subfield><marc:subfield code="c">24 cm.</marc:subfield></marc:datafield><marc:datafield tag="440" ind1=" " ind2="0"><marc:subfield code="a">Applied language studies</marc:subfield></marc:datafield><marc:datafield tag="504" ind1=" " ind2=" "><marc:subfield code="a">Includes bibliographies and index.</marc:subfield></marc:datafield><marc:datafield tag="505" ind1="0" ind2=" "><marc:subfield code="a">Comprehension and context / by Lesley Milroy -- The relationship between language and sex in English / by Jenny Cheshire -- Sociolinguistic methodology and the identification of speakers' voices in legal proceedings / by James Milroy -- Good copy, bad news / by Allan Bell -- Applications of the social psychology of language / by John Edwards and Howard Giles -- Applied sociology of language / Alastair Walker -- Applied discourse analysis and educational linguistics / by Michael Stubbs -- Variation theory and language learning / by Ralph W. Fasold.</marc:subfield></marc:datafield><marc:datafield tag="650" ind1=" " ind2="0"><marc:subfield code="a">Sociolinguistics.</marc:subfield></marc:datafield><marc:datafield tag="650" ind1=" " ind2="0"><marc:subfield code="a">Applied linguistics.</marc:subfield></marc:datafield><marc:datafield tag="650" ind1=" " ind2="0"><marc:subfield code="a">Language and education.</marc:subfield></marc:datafield><marc:datafield tag="700" ind1="1" ind2="0"><marc:subfield code="a">Trudgill, Peter.</marc:subfield></marc:datafield><marc:datafield tag="035" ind1=" " ind2=" "><marc:subfield code="a">(TxDaGIAL)37741100001850</marc:subfield></marc:datafield><marc:controlfield tag="005">20080624154447.0</marc:controlfield><marc:controlfield tag="001">547</marc:controlfield><marc:controlfield tag="003">TxDaGIAL</marc:controlfield><marc:datafield tag="852" ind1=" " ind2=" "><marc:subfield code="p">37741100001850</marc:subfield><marc:subfield code="a">Library</marc:subfield><marc:subfield code="9">$30.00</marc:subfield><marc:subfield code="x">COPYID:621</marc:subfield><marc:subfield code="x">FSC@aRegular@c19950307</marc:subfield><marc:subfield code="h">306.44 A652t 1984</marc:subfield><marc:subfield code="z">10913</marc:subfield></marc:datafield></marc:record>