
<marc:record><marc:leader>01000pam a2200265 a 4500</marc:leader>
<marc:controlfield tag="008">940616s1994    caua     b    001 0 eng  </marc:controlfield>
<marc:datafield tag="010" ind1=" " ind2=" "><marc:subfield code="a">   93014433</marc:subfield></marc:datafield><marc:datafield tag="020" ind1=" " ind2=" "><marc:subfield code="a">1559343257 (pbk.) :</marc:subfield><marc:subfield code="c">$17.95</marc:subfield></marc:datafield><marc:datafield tag="040" ind1=" " ind2=" "><marc:subfield code="a">DLC</marc:subfield><marc:subfield code="c">DLC</marc:subfield><marc:subfield code="d">DLC</marc:subfield></marc:datafield><marc:datafield tag="050" ind1="0" ind2="0"><marc:subfield code="a">GN397.5</marc:subfield><marc:subfield code="b">.A68 1993</marc:subfield></marc:datafield><marc:datafield tag="082" ind1="0" ind2="0"><marc:subfield code="a">301</marc:subfield><marc:subfield code="2">20</marc:subfield></marc:datafield><marc:datafield tag="245" ind1="0" ind2="0"><marc:subfield code="a">Applying cultural anthropology :</marc:subfield><marc:subfield code="b">an introductory reader /</marc:subfield><marc:subfield code="c">[selected by] Aaron Podolefsky, Peter J. Brown.</marc:subfield></marc:datafield><marc:datafield tag="250" ind1=" " ind2=" "><marc:subfield code="a">2nd ed.</marc:subfield></marc:datafield><marc:datafield tag="260" ind1=" " ind2=" "><marc:subfield code="a">Mountain View, Calif. :</marc:subfield><marc:subfield code="b">Mayfield Pub. Co.,</marc:subfield><marc:subfield code="c">c1994.</marc:subfield></marc:datafield><marc:datafield tag="300" ind1=" " ind2=" "><marc:subfield code="a">xiii, 289 p. :</marc:subfield><marc:subfield code="b">ill. ;</marc:subfield><marc:subfield code="c">28 cm.</marc:subfield></marc:datafield><marc:datafield tag="504" ind1=" " ind2=" "><marc:subfield code="a">Includes bibliographical references and index.</marc:subfield></marc:datafield><marc:datafield tag="650" ind1=" " ind2="0"><marc:subfield code="a">Applied anthropology.</marc:subfield></marc:datafield><marc:datafield tag="700" ind1="1" ind2="0"><marc:subfield code="a">Podolefsky, Aaron.</marc:subfield></marc:datafield><marc:datafield tag="700" ind1="1" ind2="0"><marc:subfield code="a">Brown, Peter J.</marc:subfield></marc:datafield><marc:datafield tag="035" ind1=" " ind2=" "><marc:subfield code="a">(TxDaGIAL)37741100006057</marc:subfield></marc:datafield><marc:controlfield tag="005">20080624154448.0</marc:controlfield><marc:controlfield tag="001">549</marc:controlfield><marc:controlfield tag="003">TxDaGIAL</marc:controlfield><marc:datafield tag="852" ind1=" " ind2=" "><marc:subfield code="p">37741100006057</marc:subfield><marc:subfield code="a">Library</marc:subfield><marc:subfield code="9">$15.62</marc:subfield><marc:subfield code="x">COPYID:623</marc:subfield><marc:subfield code="x">FSC@aRegular@c19950801</marc:subfield><marc:subfield code="h">301 A652p 1994</marc:subfield><marc:subfield code="z">B/T  7-95</marc:subfield></marc:datafield><marc:datafield tag="852" ind1=" " ind2=" "><marc:subfield code="p">37741100006058</marc:subfield><marc:subfield code="a">Library</marc:subfield><marc:subfield code="9">$15.62</marc:subfield><marc:subfield code="x">COPYID:624</marc:subfield><marc:subfield code="x">FSC@aRegular@c19950801</marc:subfield><marc:subfield code="h">301 A652p 1994</marc:subfield><marc:subfield code="z">B/T  7-95</marc:subfield></marc:datafield></marc:record>