
<marc:record><marc:leader>00843nam a2200265 a 4500</marc:leader>
<marc:controlfield tag="008">860618s1987    nyu      b    00110 eng  </marc:controlfield>
<marc:datafield tag="010" ind1=" " ind2=" "><marc:subfield code="a">   86015382</marc:subfield></marc:datafield><marc:datafield tag="020" ind1=" " ind2=" "><marc:subfield code="a">0582286735</marc:subfield></marc:datafield><marc:datafield tag="035" ind1=" " ind2=" "><marc:subfield code="a">(CU-UC)3463970</marc:subfield></marc:datafield><marc:datafield tag="040" ind1=" " ind2=" "><marc:subfield code="a">DLC</marc:subfield><marc:subfield code="c">DLC</marc:subfield></marc:datafield><marc:datafield tag="050" ind1="0" ind2=" "><marc:subfield code="a">LB1028</marc:subfield><marc:subfield code="b">.B59 1987</marc:subfield></marc:datafield><marc:datafield tag="082" ind1="0" ind2=" "><marc:subfield code="a">370/.7/8</marc:subfield><marc:subfield code="2">19</marc:subfield></marc:datafield><marc:datafield tag="100" ind1="1" ind2="0"><marc:subfield code="a">Borg, Walter R.</marc:subfield></marc:datafield><marc:datafield tag="245" ind1="1" ind2="0"><marc:subfield code="a">Applying educational research :</marc:subfield><marc:subfield code="b">a practical guide for teachers /</marc:subfield><marc:subfield code="c">Walter R. Borg.</marc:subfield></marc:datafield><marc:datafield tag="250" ind1=" " ind2=" "><marc:subfield code="a">2nd ed.</marc:subfield></marc:datafield><marc:datafield tag="260" ind1="0" ind2=" "><marc:subfield code="a">New York :</marc:subfield><marc:subfield code="b">Longman,</marc:subfield><marc:subfield code="c">c1987.</marc:subfield></marc:datafield><marc:datafield tag="300" ind1=" " ind2=" "><marc:subfield code="a">xi, 350 p. ;</marc:subfield><marc:subfield code="c">26 cm.</marc:subfield></marc:datafield><marc:datafield tag="504" ind1=" " ind2=" "><marc:subfield code="a">Includes bibliographies and index.</marc:subfield></marc:datafield><marc:datafield tag="546" ind1=" " ind2=" "><marc:subfield code="a">English.</marc:subfield></marc:datafield><marc:datafield tag="650" ind1=" " ind2="0"><marc:subfield code="a">Education</marc:subfield><marc:subfield code="x">Research</marc:subfield><marc:subfield code="v">Handbooks, manuals, etc.</marc:subfield></marc:datafield><marc:datafield tag="035" ind1=" " ind2=" "><marc:subfield code="a">(TxDaGIAL)37741100020948</marc:subfield></marc:datafield><marc:controlfield tag="005">20080624154449.0</marc:controlfield><marc:controlfield tag="001">551</marc:controlfield><marc:controlfield tag="003">TxDaGIAL</marc:controlfield><marc:datafield tag="852" ind1=" " ind2=" "><marc:subfield code="p">37741100020948</marc:subfield><marc:subfield code="a">Library</marc:subfield><marc:subfield code="9">$29.39</marc:subfield><marc:subfield code="x">COPYID:626</marc:subfield><marc:subfield code="x">FSC@aRegular@c19971008</marc:subfield><marc:subfield code="h">370.78 B732 1987</marc:subfield><marc:subfield code="z">6-91</marc:subfield></marc:datafield></marc:record>