
<marc:record><marc:leader>00879cam a2200229Ii 4500</marc:leader>
<marc:controlfield tag="008">761019s1953    ilu      b    101 0 engm </marc:controlfield>
<marc:datafield tag="010" ind1=" " ind2=" "><marc:subfield code="a">53008745</marc:subfield></marc:datafield><marc:datafield tag="040" ind1=" " ind2=" "><marc:subfield code="a">DLC</marc:subfield><marc:subfield code="c">AZN</marc:subfield><marc:subfield code="d">m.c.</marc:subfield><marc:subfield code="d">SER</marc:subfield></marc:datafield><marc:datafield tag="050" ind1=" " ind2=" "><marc:subfield code="a">GN4</marc:subfield><marc:subfield code="b">.I52 1952a</marc:subfield></marc:datafield><marc:datafield tag="111" ind1="2" ind2=" "><marc:subfield code="a">International Symposium on Anthropology</marc:subfield><marc:subfield code="d">(1952 :</marc:subfield><marc:subfield code="c">New York, N.Y.)</marc:subfield></marc:datafield><marc:datafield tag="245" ind1="1" ind2="3"><marc:subfield code="a">An appraisal of anthropology today /</marc:subfield><marc:subfield code="c">edited by Sol Tax [and others].</marc:subfield></marc:datafield><marc:datafield tag="260" ind1=" " ind2=" "><marc:subfield code="a">Chicago :</marc:subfield><marc:subfield code="b">University of Chicago Press,</marc:subfield><marc:subfield code="c">c1953.</marc:subfield></marc:datafield><marc:datafield tag="300" ind1=" " ind2=" "><marc:subfield code="a">xiv, 395 p. :</marc:subfield><marc:subfield code="b">diagrs. ;</marc:subfield><marc:subfield code="c">25 cm.</marc:subfield></marc:datafield><marc:datafield tag="504" ind1=" " ind2=" "><marc:subfield code="a">Bibliographical footnotes.</marc:subfield></marc:datafield><marc:datafield tag="650" ind1=" " ind2="0"><marc:subfield code="a">Anthropology</marc:subfield><marc:subfield code="v">Congresses.</marc:subfield></marc:datafield><marc:datafield tag="611" ind1="2" ind2="0"><marc:subfield code="a">International Symposium on Anthropology</marc:subfield><marc:subfield code="d">(1952 :</marc:subfield><marc:subfield code="c">New York, N.Y.).</marc:subfield><marc:subfield code="t">Anthropology today.</marc:subfield></marc:datafield><marc:datafield tag="700" ind1="1" ind2="0"><marc:subfield code="a">Tax, Sol,</marc:subfield><marc:subfield code="d">1907-</marc:subfield></marc:datafield><marc:datafield tag="035" ind1=" " ind2=" "><marc:subfield code="a">(TxDaGIAL)37741100014761</marc:subfield></marc:datafield><marc:controlfield tag="005">20080624154449.0</marc:controlfield><marc:controlfield tag="001">552</marc:controlfield><marc:controlfield tag="003">TxDaGIAL</marc:controlfield><marc:datafield tag="852" ind1=" " ind2=" "><marc:subfield code="p">37741100014761</marc:subfield><marc:subfield code="a">Library</marc:subfield><marc:subfield code="x">COPYID:627</marc:subfield><marc:subfield code="x">FSC@aRegular@c19970127</marc:subfield><marc:subfield code="h">306 T235a 1953</marc:subfield><marc:subfield code="z">301</marc:subfield></marc:datafield></marc:record>