
<marc:record><marc:leader>01321nam a2200277Ia 4500</marc:leader>
<marc:controlfield tag="008">831003s1982    sz       b    00010 fre d</marc:controlfield>
<marc:datafield tag="020" ind1=" " ind2=" "><marc:subfield code="a">3261050608</marc:subfield></marc:datafield><marc:datafield tag="035" ind1=" " ind2=" "><marc:subfield code="a">(CU-UC)dlaisn1541956</marc:subfield></marc:datafield><marc:datafield tag="040" ind1=" " ind2=" "><marc:subfield code="a">UIU</marc:subfield><marc:subfield code="c">UIU</marc:subfield><marc:subfield code="d">CLU</marc:subfield><marc:subfield code="d">TxDaGIAL</marc:subfield></marc:datafield><marc:datafield tag="041" ind1="1" ind2=" "><marc:subfield code="a">fre</marc:subfield></marc:datafield><marc:datafield tag="100" ind1="1" ind2="0"><marc:subfield code="a">Rey-Von Allmen, Micheline.</marc:subfield></marc:datafield><marc:datafield tag="245" ind1="1" ind2="0"><marc:subfield code="a">Apprentissage de l'orthographe franaise lmentaire :</marc:subfield><marc:subfield code="b">par des adolescents non francophones enfants de travailleurs migrants : problmes linguistiques et sociolinguistiques /</marc:subfield><marc:subfield code="c">Micheline Rey-von Allmen.</marc:subfield></marc:datafield><marc:datafield tag="260" ind1="0" ind2=" "><marc:subfield code="a">Berne :</marc:subfield><marc:subfield code="b">P. Lang,</marc:subfield><marc:subfield code="c">1982.</marc:subfield></marc:datafield><marc:datafield tag="300" ind1=" " ind2=" "><marc:subfield code="a">320 p. ;</marc:subfield><marc:subfield code="c">21 cm.</marc:subfield></marc:datafield><marc:datafield tag="490" ind1="1" ind2=" "><marc:subfield code="a">Publications universitaires europennes. Srie XXI, Linguistique ;</marc:subfield><marc:subfield code="a">Europische Hochschulschriften. Reihe XXI, Linguistik ;</marc:subfield><marc:subfield code="a">European university studies. Series XXI, Linguistics ;</marc:subfield><marc:subfield code="v">v. 20 = ;</marc:subfield><marc:subfield code="v">Bd. 20 = ;</marc:subfield><marc:subfield code="v">v. 20</marc:subfield></marc:datafield><marc:datafield tag="504" ind1=" " ind2=" "><marc:subfield code="a">Bibliography: p. 307-320.</marc:subfield></marc:datafield><marc:datafield tag="546" ind1=" " ind2=" "><marc:subfield code="a">French.</marc:subfield></marc:datafield><marc:datafield tag="650" ind1=" " ind2="0"><marc:subfield code="a">French language</marc:subfield><marc:subfield code="x">Study and teaching</marc:subfield><marc:subfield code="x">Foreign speakers.</marc:subfield></marc:datafield><marc:datafield tag="650" ind1=" " ind2="0"><marc:subfield code="a">French language</marc:subfield><marc:subfield code="x">Orthography and spelling.</marc:subfield></marc:datafield><marc:datafield tag="650" ind1=" " ind2="0"><marc:subfield code="a">French language</marc:subfield><marc:subfield code="x">Social aspects.</marc:subfield></marc:datafield><marc:datafield tag="830" ind1=" " ind2="0"><marc:subfield code="a">Europische Hochschulschriften.</marc:subfield><marc:subfield code="n">Reihe XXI,</marc:subfield><marc:subfield code="p">Linguistik ;</marc:subfield><marc:subfield code="v">Bd. 20.</marc:subfield></marc:datafield><marc:datafield tag="035" ind1=" " ind2=" "><marc:subfield code="a">(TxDaGIAL)37741100014238</marc:subfield></marc:datafield><marc:controlfield tag="005">20080624154449.0</marc:controlfield><marc:controlfield tag="001">553</marc:controlfield><marc:controlfield tag="003">TxDaGIAL</marc:controlfield><marc:datafield tag="852" ind1=" " ind2=" "><marc:subfield code="p">37741100014238</marc:subfield><marc:subfield code="a">Library</marc:subfield><marc:subfield code="9">$0.00</marc:subfield><marc:subfield code="x">COPYID:628</marc:subfield><marc:subfield code="x">FSC@aRegular@c19961217</marc:subfield><marc:subfield code="h">441.52 R466a 1982</marc:subfield><marc:subfield code="z">Gift 8-89</marc:subfield></marc:datafield></marc:record>