
<marc:record><marc:leader>01015nam a2200253   4500</marc:leader>
<marc:controlfield tag="008">700130s1969    enk      b    00110 eng  </marc:controlfield>
<marc:datafield tag="010" ind1=" " ind2=" "><marc:subfield code="a">   69020484</marc:subfield></marc:datafield><marc:datafield tag="020" ind1=" " ind2=" "><marc:subfield code="a">0080134254</marc:subfield></marc:datafield><marc:datafield tag="050" ind1="0" ind2=" "><marc:subfield code="a">T11.5</marc:subfield><marc:subfield code="b">.F55 1969</marc:subfield></marc:datafield><marc:datafield tag="082" ind1=" " ind2=" "><marc:subfield code="a">418/.02</marc:subfield></marc:datafield><marc:datafield tag="100" ind1="1" ind2="0"><marc:subfield code="a">Finch, C. A.</marc:subfield><marc:subfield code="q">(Christopher Aspell)</marc:subfield></marc:datafield><marc:datafield tag="245" ind1="1" ind2="3"><marc:subfield code="a">An approach to technical translation :</marc:subfield><marc:subfield code="b">an introductory guide for scientific readers /</marc:subfield><marc:subfield code="c">by C. A. Finch.</marc:subfield></marc:datafield><marc:datafield tag="250" ind1=" " ind2=" "><marc:subfield code="a">[1st ed.</marc:subfield></marc:datafield><marc:datafield tag="260" ind1="0" ind2=" "><marc:subfield code="a">Oxford ;</marc:subfield><marc:subfield code="a">New York] :</marc:subfield><marc:subfield code="b">Pergamon Press,</marc:subfield><marc:subfield code="c">[1969]</marc:subfield></marc:datafield><marc:datafield tag="300" ind1=" " ind2=" "><marc:subfield code="a">xi, 70 p. ;</marc:subfield><marc:subfield code="c">21 cm.</marc:subfield></marc:datafield><marc:datafield tag="490" ind1="0" ind2=" "><marc:subfield code="a">Library of industrial and commercial education and training. General subjects</marc:subfield></marc:datafield><marc:datafield tag="504" ind1=" " ind2=" "><marc:subfield code="a">Includes bibliographies.</marc:subfield></marc:datafield><marc:datafield tag="650" ind1=" " ind2="0"><marc:subfield code="a">Technology</marc:subfield><marc:subfield code="x">Translating.</marc:subfield></marc:datafield><marc:datafield tag="035" ind1=" " ind2=" "><marc:subfield code="a">(TxDaGIAL)37741100004850</marc:subfield></marc:datafield><marc:controlfield tag="005">20080624154449.0</marc:controlfield><marc:controlfield tag="001">554</marc:controlfield><marc:controlfield tag="003">TxDaGIAL</marc:controlfield><marc:datafield tag="852" ind1=" " ind2=" "><marc:subfield code="p">37741100004850</marc:subfield><marc:subfield code="a">Library</marc:subfield><marc:subfield code="b">John Beekman Tran Li</marc:subfield><marc:subfield code="x">COPYID:629</marc:subfield><marc:subfield code="x">FSC@aRegular@c19950609</marc:subfield><marc:subfield code="h">418.02 F492a 1969</marc:subfield><marc:subfield code="z">7647</marc:subfield></marc:datafield><marc:datafield tag="852" ind1=" " ind2=" "><marc:subfield code="p">37741100004851</marc:subfield><marc:subfield code="a">Library</marc:subfield><marc:subfield code="b">John Beekman Tran Li</marc:subfield><marc:subfield code="x">COPYID:630</marc:subfield><marc:subfield code="x">FSC@aRegular@c19950609</marc:subfield><marc:subfield code="h">418.02 F492a 1969</marc:subfield><marc:subfield code="z">7648</marc:subfield></marc:datafield></marc:record>