
<marc:record><marc:leader>00956nam a2200265 a 4500</marc:leader>
<marc:controlfield tag="008">890413s1988    gw a     b    00100 eng  </marc:controlfield>
<marc:datafield tag="010" ind1=" " ind2=" "><marc:subfield code="a">   89132058</marc:subfield></marc:datafield><marc:datafield tag="020" ind1=" " ind2=" "><marc:subfield code="a">3598210434</marc:subfield></marc:datafield><marc:datafield tag="040" ind1=" " ind2=" "><marc:subfield code="a">DLC</marc:subfield><marc:subfield code="c">DLC</marc:subfield><marc:subfield code="d">DLC</marc:subfield></marc:datafield><marc:datafield tag="050" ind1="0" ind2="0"><marc:subfield code="a">HN49.C6</marc:subfield><marc:subfield code="b">A67 1988</marc:subfield></marc:datafield><marc:datafield tag="082" ind1="0" ind2="0"><marc:subfield code="a">307.1/412</marc:subfield><marc:subfield code="2">20</marc:subfield></marc:datafield><marc:datafield tag="245" ind1="0" ind2="0"><marc:subfield code="a">Approaches that work in rural development :</marc:subfield><marc:subfield code="b">emerging trends, participatory methods and local initiatives /</marc:subfield><marc:subfield code="c">edited by John Burbidge.</marc:subfield></marc:datafield><marc:datafield tag="250" ind1=" " ind2=" "><marc:subfield code="a">1st ed.</marc:subfield></marc:datafield><marc:datafield tag="260" ind1="0" ind2=" "><marc:subfield code="a">Mnchen ;</marc:subfield><marc:subfield code="a">New York :</marc:subfield><marc:subfield code="b">K.G. Saur,</marc:subfield><marc:subfield code="c">1988.</marc:subfield></marc:datafield><marc:datafield tag="300" ind1=" " ind2=" "><marc:subfield code="a">414 p. :</marc:subfield><marc:subfield code="b">ill. ;</marc:subfield><marc:subfield code="c">25 cm.</marc:subfield></marc:datafield><marc:datafield tag="440" ind1=" " ind2="0"><marc:subfield code="a">IERD-series ;</marc:subfield><marc:subfield code="v">no. 3</marc:subfield></marc:datafield><marc:datafield tag="504" ind1=" " ind2=" "><marc:subfield code="a">Includes bibliographical references (p. [395]-401) and index.</marc:subfield></marc:datafield><marc:datafield tag="650" ind1=" " ind2="0"><marc:subfield code="a">Rural development.</marc:subfield></marc:datafield><marc:datafield tag="650" ind1=" " ind2="0"><marc:subfield code="a">Rural development projects.</marc:subfield></marc:datafield><marc:datafield tag="700" ind1="1" ind2="0"><marc:subfield code="a">Burbidge, John L.</marc:subfield></marc:datafield><marc:datafield tag="035" ind1=" " ind2=" "><marc:subfield code="a">(TxDaGIAL)37741100006131</marc:subfield></marc:datafield><marc:controlfield tag="005">20080624154450.0</marc:controlfield><marc:controlfield tag="001">555</marc:controlfield><marc:controlfield tag="003">TxDaGIAL</marc:controlfield><marc:datafield tag="852" ind1=" " ind2=" "><marc:subfield code="p">37741100006131</marc:subfield><marc:subfield code="a">Library</marc:subfield><marc:subfield code="9">$54.95</marc:subfield><marc:subfield code="x">COPYID:631</marc:subfield><marc:subfield code="x">FSC@aRegular@c19950802</marc:subfield><marc:subfield code="h">307.1412 A652b 1988</marc:subfield><marc:subfield code="z">ICA West 8-90</marc:subfield></marc:datafield></marc:record>