
<marc:record><marc:leader>00753nam a2200205 a 4500</marc:leader>
<marc:controlfield tag="008">820722s1972    rur      b    00010 eng d</marc:controlfield>
<marc:datafield tag="035" ind1=" " ind2=" "><marc:subfield code="a">NYCX82-B50391</marc:subfield></marc:datafield><marc:datafield tag="035" ind1=" " ind2=" "><marc:subfield code="a">(CStRLIN)CX82-B50391</marc:subfield></marc:datafield><marc:datafield tag="040" ind1=" " ind2=" "><marc:subfield code="a">NIC</marc:subfield><marc:subfield code="c">NIC</marc:subfield><marc:subfield code="d">TxDaGIAL</marc:subfield></marc:datafield><marc:datafield tag="100" ind1="1" ind2="0"><marc:subfield code="a">Akhmanova, O. S.</marc:subfield><marc:subfield code="q">(Olga Sergeevna)</marc:subfield></marc:datafield><marc:datafield tag="245" ind1="1" ind2="0"><marc:subfield code="a">Approaches to contrastive linguistics /</marc:subfield><marc:subfield code="c">Olga Akhmanova ... [et al.] ; edited by Olga Akhmanova.</marc:subfield></marc:datafield><marc:datafield tag="260" ind1="0" ind2=" "><marc:subfield code="a">[Moscow] :</marc:subfield><marc:subfield code="b">MGU,</marc:subfield><marc:subfield code="c">1972.</marc:subfield></marc:datafield><marc:datafield tag="300" ind1=" " ind2=" "><marc:subfield code="a">135 p. ;</marc:subfield><marc:subfield code="c">22 cm.</marc:subfield></marc:datafield><marc:datafield tag="504" ind1=" " ind2=" "><marc:subfield code="a">Bibliography: p. 92-135.</marc:subfield></marc:datafield><marc:datafield tag="650" ind1=" " ind2="0"><marc:subfield code="a">Contrastive linguistics.</marc:subfield></marc:datafield><marc:datafield tag="035" ind1=" " ind2=" "><marc:subfield code="a">(TxDaGIAL)37741100013903</marc:subfield></marc:datafield><marc:controlfield tag="005">20080624154450.0</marc:controlfield><marc:controlfield tag="001">556</marc:controlfield><marc:controlfield tag="003">TxDaGIAL</marc:controlfield><marc:datafield tag="852" ind1=" " ind2=" "><marc:subfield code="p">37741100013903</marc:subfield><marc:subfield code="a">Library</marc:subfield><marc:subfield code="b">Kenneth L. Pike Coll</marc:subfield><marc:subfield code="9">$0.00</marc:subfield><marc:subfield code="x">COPYID:632</marc:subfield><marc:subfield code="x">FSC@aRegular@c19961120</marc:subfield><marc:subfield code="h">415 A315a 1972</marc:subfield><marc:subfield code="z">K.L. Pike gift  (738)</marc:subfield></marc:datafield></marc:record>