
<marc:record><marc:leader>00843pam a2200241 a 4500</marc:leader>
<marc:controlfield tag="008">940216s1994    mau      b    001 0 eng  </marc:controlfield>
<marc:datafield tag="010" ind1=" " ind2=" "><marc:subfield code="a">   93013359</marc:subfield></marc:datafield><marc:datafield tag="020" ind1=" " ind2=" "><marc:subfield code="a">0631166238 (pbk.) :</marc:subfield><marc:subfield code="c">$24.95</marc:subfield></marc:datafield><marc:datafield tag="040" ind1=" " ind2=" "><marc:subfield code="a">DLC</marc:subfield><marc:subfield code="c">DLC</marc:subfield><marc:subfield code="d">DLC</marc:subfield></marc:datafield><marc:datafield tag="050" ind1="0" ind2="0"><marc:subfield code="a">P302</marc:subfield><marc:subfield code="b">.S334 1994</marc:subfield></marc:datafield><marc:datafield tag="082" ind1="0" ind2="0"><marc:subfield code="a">410/.41</marc:subfield><marc:subfield code="2">20</marc:subfield></marc:datafield><marc:datafield tag="100" ind1="1" ind2=" "><marc:subfield code="a">Schiffrin, Deborah.</marc:subfield></marc:datafield><marc:datafield tag="245" ind1="1" ind2="0"><marc:subfield code="a">Approaches to discourse /</marc:subfield><marc:subfield code="c">Deborah Schiffrin.</marc:subfield></marc:datafield><marc:datafield tag="260" ind1=" " ind2=" "><marc:subfield code="a">Oxford, UK ;</marc:subfield><marc:subfield code="a">Cambridge, Mass., USA :</marc:subfield><marc:subfield code="b">B. Blackwell,</marc:subfield><marc:subfield code="c">1994.</marc:subfield></marc:datafield><marc:datafield tag="300" ind1=" " ind2=" "><marc:subfield code="a">x, 470 p. ;</marc:subfield><marc:subfield code="c">26 cm.</marc:subfield></marc:datafield><marc:datafield tag="440" ind1=" " ind2="0"><marc:subfield code="a">Blackwell textbooks in linguistics ;</marc:subfield><marc:subfield code="v">8</marc:subfield></marc:datafield><marc:datafield tag="504" ind1=" " ind2=" "><marc:subfield code="a">Includes bibliographical references (p. [439]-458) and index.</marc:subfield></marc:datafield><marc:datafield tag="650" ind1=" " ind2="0"><marc:subfield code="a">Discourse analysis.</marc:subfield></marc:datafield><marc:datafield tag="035" ind1=" " ind2=" "><marc:subfield code="a">(TxDaGIAL)37741100005818</marc:subfield></marc:datafield><marc:controlfield tag="005">20080624154450.0</marc:controlfield><marc:controlfield tag="001">557</marc:controlfield><marc:controlfield tag="003">TxDaGIAL</marc:controlfield><marc:datafield tag="852" ind1=" " ind2=" "><marc:subfield code="p">37741100005818</marc:subfield><marc:subfield code="a">Library</marc:subfield><marc:subfield code="9">$21.71</marc:subfield><marc:subfield code="x">COPYID:633</marc:subfield><marc:subfield code="x">FSC@aRegular@c19950721</marc:subfield><marc:subfield code="h">401.41 S379a 1994</marc:subfield><marc:subfield code="z">B/T  7-95</marc:subfield></marc:datafield></marc:record>