
<marc:record><marc:leader>00798cam a2200229   4500</marc:leader>
<marc:controlfield tag="008">700518s1969    nyua     b    00100 eng  </marc:controlfield>
<marc:datafield tag="010" ind1=" " ind2=" "><marc:subfield code="a">   69014526 //r902</marc:subfield></marc:datafield><marc:datafield tag="020" ind1=" " ind2=" "><marc:subfield code="a">0030745055 (pbk.)</marc:subfield></marc:datafield><marc:datafield tag="040" ind1=" " ind2=" "><marc:subfield code="a">DLC</marc:subfield><marc:subfield code="c">DLC</marc:subfield><marc:subfield code="d">DLC</marc:subfield><marc:subfield code="d">TxDaGIAL</marc:subfield></marc:datafield><marc:datafield tag="050" ind1="0" ind2="0"><marc:subfield code="a">PE1075</marc:subfield><marc:subfield code="b">.L33</marc:subfield></marc:datafield><marc:datafield tag="082" ind1="0" ind2="0"><marc:subfield code="a">420</marc:subfield></marc:datafield><marc:datafield tag="100" ind1="1" ind2="0"><marc:subfield code="a">Lass, Roger,</marc:subfield><marc:subfield code="e">comp.</marc:subfield></marc:datafield><marc:datafield tag="245" ind1="1" ind2="0"><marc:subfield code="a">Approaches to English historical linguistics :</marc:subfield><marc:subfield code="b">an anthology. /</marc:subfield><marc:subfield code="c">Roger Lass.</marc:subfield></marc:datafield><marc:datafield tag="260" ind1="0" ind2=" "><marc:subfield code="a">New York :</marc:subfield><marc:subfield code="b">Holt, Rinehart and Winston,</marc:subfield><marc:subfield code="c">c1969.</marc:subfield></marc:datafield><marc:datafield tag="300" ind1=" " ind2=" "><marc:subfield code="a">xii, 484 p. :</marc:subfield><marc:subfield code="b">illus. ;</marc:subfield><marc:subfield code="c">23 cm.</marc:subfield></marc:datafield><marc:datafield tag="504" ind1=" " ind2=" "><marc:subfield code="a">Bibliography: p. 469-472.</marc:subfield></marc:datafield><marc:datafield tag="650" ind1=" " ind2="0"><marc:subfield code="a">English language</marc:subfield><marc:subfield code="x">Grammar, Historical.</marc:subfield></marc:datafield><marc:datafield tag="035" ind1=" " ind2=" "><marc:subfield code="a">(TxDaGIAL)37741100004933</marc:subfield></marc:datafield><marc:controlfield tag="005">20080624154450.0</marc:controlfield><marc:controlfield tag="001">558</marc:controlfield><marc:controlfield tag="003">TxDaGIAL</marc:controlfield><marc:datafield tag="852" ind1=" " ind2=" "><marc:subfield code="p">37741100004933</marc:subfield><marc:subfield code="a">Library</marc:subfield><marc:subfield code="x">COPYID:634</marc:subfield><marc:subfield code="x">FSC@aRegular@c19950614</marc:subfield><marc:subfield code="h">420 A652L 1969</marc:subfield><marc:subfield code="z">Gift Harwood Hess 7-92</marc:subfield></marc:datafield></marc:record>