
<marc:record><marc:leader>01546cam a2200349 a 4500</marc:leader>
<marc:controlfield tag="008">910408m19919999ne a     b    001 0 eng  </marc:controlfield>
<marc:datafield tag="010" ind1=" " ind2=" "><marc:subfield code="a">   91003650</marc:subfield></marc:datafield><marc:datafield tag="020" ind1=" " ind2=" "><marc:subfield code="a">1556194048 (HB : set) :</marc:subfield><marc:subfield code="c">$275.00</marc:subfield></marc:datafield><marc:datafield tag="020" ind1=" " ind2=" "><marc:subfield code="a">1556194056 (PB : set) :</marc:subfield><marc:subfield code="c">$64.95</marc:subfield></marc:datafield><marc:datafield tag="020" ind1=" " ind2=" "><marc:subfield code="a">1556194005 (HB : v. 1) :</marc:subfield><marc:subfield code="c">$125.00</marc:subfield></marc:datafield><marc:datafield tag="020" ind1=" " ind2=" "><marc:subfield code="a">1556194013 (PB : v. 1) :</marc:subfield><marc:subfield code="c">$29.95</marc:subfield></marc:datafield><marc:datafield tag="020" ind1=" " ind2=" "><marc:subfield code="a">1556194021 (HB : v. 2) :</marc:subfield><marc:subfield code="c">$160.00</marc:subfield></marc:datafield><marc:datafield tag="020" ind1=" " ind2=" "><marc:subfield code="a">155619403X (PB : v. 2) :</marc:subfield><marc:subfield code="c">$34.95</marc:subfield></marc:datafield><marc:datafield tag="040" ind1=" " ind2=" "><marc:subfield code="a">DLC</marc:subfield><marc:subfield code="c">DLC</marc:subfield><marc:subfield code="d">DLC</marc:subfield><marc:subfield code="d">TxDaGIAL</marc:subfield></marc:datafield><marc:datafield tag="050" ind1="0" ind2="0"><marc:subfield code="a">P299.G73</marc:subfield><marc:subfield code="b">A6 1991</marc:subfield></marc:datafield><marc:datafield tag="082" ind1="0" ind2="0"><marc:subfield code="a">415</marc:subfield><marc:subfield code="2">20</marc:subfield></marc:datafield><marc:datafield tag="245" ind1="0" ind2="0"><marc:subfield code="a">Approaches to grammaticalization /</marc:subfield><marc:subfield code="c">edited by Elizabeth Closs Traugott and Bernd Heine.</marc:subfield></marc:datafield><marc:datafield tag="260" ind1="0" ind2=" "><marc:subfield code="a">Amsterdam ;</marc:subfield><marc:subfield code="a">Philadelphia :</marc:subfield><marc:subfield code="b">J. Benjamins,</marc:subfield><marc:subfield code="c">&lt;1991-   &gt;.</marc:subfield></marc:datafield><marc:datafield tag="300" ind1=" " ind2=" "><marc:subfield code="a">v. &lt;2   &gt; :</marc:subfield><marc:subfield code="b">ill. ;</marc:subfield><marc:subfield code="c">23 cm.</marc:subfield></marc:datafield><marc:datafield tag="440" ind1=" " ind2="0"><marc:subfield code="a">Typological studies in language,</marc:subfield><marc:subfield code="x">0167-7373 ;</marc:subfield><marc:subfield code="v">v. 19</marc:subfield></marc:datafield><marc:datafield tag="500" ind1=" " ind2=" "><marc:subfield code="a">Based on a symposium held at the University of Oregon at Eugene in May 1988.</marc:subfield></marc:datafield><marc:datafield tag="505" ind1="1" ind2=" "><marc:subfield code="a">v. 1 Focus on theoretical and methodological issues -- v. 2. Focus on types of grammatical markers.</marc:subfield></marc:datafield><marc:datafield tag="504" ind1=" " ind2=" "><marc:subfield code="a">Includes bibliographical references and indexes.</marc:subfield></marc:datafield><marc:datafield tag="650" ind1=" " ind2="0"><marc:subfield code="a">Grammar, Comparative and general</marc:subfield><marc:subfield code="x">Grammaticalization.</marc:subfield></marc:datafield><marc:datafield tag="700" ind1="1" ind2="0"><marc:subfield code="a">Traugott, Elizabeth Closs.</marc:subfield></marc:datafield><marc:datafield tag="700" ind1="1" ind2="0"><marc:subfield code="a">Heine, Bernd,</marc:subfield><marc:subfield code="d">1939-</marc:subfield></marc:datafield><marc:datafield tag="035" ind1=" " ind2=" "><marc:subfield code="a">(TxDaGIAL)37741100022391</marc:subfield></marc:datafield><marc:controlfield tag="005">20080624154451.0</marc:controlfield><marc:controlfield tag="001">559</marc:controlfield><marc:controlfield tag="003">TxDaGIAL</marc:controlfield><marc:datafield tag="852" ind1=" " ind2=" "><marc:subfield code="p">37741100022391</marc:subfield><marc:subfield code="a">Library</marc:subfield><marc:subfield code="9">$64.90</marc:subfield><marc:subfield code="x">COPYID:635</marc:subfield><marc:subfield code="x">FSC@aRegular@c19980825</marc:subfield><marc:subfield code="h">415 A652t vol.1 1991</marc:subfield><marc:subfield code="z">11-93</marc:subfield></marc:datafield><marc:datafield tag="852" ind1=" " ind2=" "><marc:subfield code="p">37741100004055</marc:subfield><marc:subfield code="a">Library</marc:subfield><marc:subfield code="9">$64.90</marc:subfield><marc:subfield code="x">COPYID:636</marc:subfield><marc:subfield code="x">FSC@aRegular@c19980825</marc:subfield><marc:subfield code="h">415 A652t vol.2 1991</marc:subfield><marc:subfield code="z">11-93</marc:subfield></marc:datafield></marc:record>