
<marc:record><marc:leader>01083pam a2200265 a 4500</marc:leader>
<marc:controlfield tag="008">850221s1985    azu      b    00100 eng  </marc:controlfield>
<marc:datafield tag="010" ind1=" " ind2=" "><marc:subfield code="a">   85001099</marc:subfield></marc:datafield><marc:datafield tag="020" ind1=" " ind2=" "><marc:subfield code="a">0816508682 :</marc:subfield><marc:subfield code="c">$18.95</marc:subfield></marc:datafield><marc:datafield tag="040" ind1=" " ind2=" "><marc:subfield code="a">DLC</marc:subfield><marc:subfield code="c">DLC</marc:subfield><marc:subfield code="d">DLC</marc:subfield><marc:subfield code="d">TxDaGIAL</marc:subfield></marc:datafield><marc:datafield tag="050" ind1="0" ind2=" "><marc:subfield code="a">BP42</marc:subfield><marc:subfield code="b">.A67 1985</marc:subfield></marc:datafield><marc:datafield tag="082" ind1="0" ind2=" "><marc:subfield code="a">297/.07</marc:subfield><marc:subfield code="2">19</marc:subfield></marc:datafield><marc:datafield tag="245" ind1="0" ind2="0"><marc:subfield code="a">Approaches to Islam in religious studies /</marc:subfield><marc:subfield code="c">Richard C. Martin, editor.</marc:subfield></marc:datafield><marc:datafield tag="260" ind1="0" ind2=" "><marc:subfield code="a">Tucson, Ariz. :</marc:subfield><marc:subfield code="b">University of Arizona Press,</marc:subfield><marc:subfield code="c">c1985.</marc:subfield></marc:datafield><marc:datafield tag="300" ind1=" " ind2=" "><marc:subfield code="a">xiii, 243 p. ;</marc:subfield><marc:subfield code="c">24 cm.</marc:subfield></marc:datafield><marc:datafield tag="500" ind1=" " ind2=" "><marc:subfield code="a">An international symposium on Islam and the history of religions hosted by the Dept. of Religious Studies at Arizona State University, Tempe, in Jan. 1980.</marc:subfield></marc:datafield><marc:datafield tag="504" ind1=" " ind2=" "><marc:subfield code="a">Bibliography: p. 205-234.</marc:subfield></marc:datafield><marc:datafield tag="500" ind1=" " ind2=" "><marc:subfield code="a">Includes index.</marc:subfield></marc:datafield><marc:datafield tag="650" ind1=" " ind2="0"><marc:subfield code="a">Islam</marc:subfield><marc:subfield code="x">Study and teaching</marc:subfield><marc:subfield code="v">Congresses.</marc:subfield></marc:datafield><marc:datafield tag="700" ind1="1" ind2="0"><marc:subfield code="a">Martin, Richard C.</marc:subfield></marc:datafield><marc:datafield tag="710" ind1="2" ind2="0"><marc:subfield code="a">Arizona State University.</marc:subfield><marc:subfield code="b">Dept. of Humanities and Religious Studies.</marc:subfield></marc:datafield><marc:datafield tag="035" ind1=" " ind2=" "><marc:subfield code="a">(TxDaGIAL)37741100000906</marc:subfield></marc:datafield><marc:controlfield tag="005">20080624154452.0</marc:controlfield><marc:controlfield tag="001">561</marc:controlfield><marc:controlfield tag="003">TxDaGIAL</marc:controlfield><marc:datafield tag="852" ind1=" " ind2=" "><marc:subfield code="p">37741100000906</marc:subfield><marc:subfield code="a">Library</marc:subfield><marc:subfield code="9">$21.95</marc:subfield><marc:subfield code="x">COPYID:638</marc:subfield><marc:subfield code="x">FSC@aRegular@c19950103</marc:subfield><marc:subfield code="h">297.07 A652 1985</marc:subfield><marc:subfield code="z">B/T 9-9-91</marc:subfield></marc:datafield></marc:record>