
<marc:record><marc:leader>01139cam a2200301   4500</marc:leader>
<marc:controlfield tag="008">730430s1973    ne       b    00000 eng  </marc:controlfield>
<marc:datafield tag="010" ind1=" " ind2=" "><marc:subfield code="a">   72179892 //r852</marc:subfield></marc:datafield><marc:datafield tag="015" ind1=" " ind2=" "><marc:subfield code="a">Ne73-11</marc:subfield></marc:datafield><marc:datafield tag="020" ind1=" " ind2=" "><marc:subfield code="a">9027702209</marc:subfield></marc:datafield><marc:datafield tag="040" ind1=" " ind2=" "><marc:subfield code="a">DLC</marc:subfield><marc:subfield code="c">DLC</marc:subfield></marc:datafield><marc:datafield tag="050" ind1="0" ind2=" "><marc:subfield code="a">P23</marc:subfield><marc:subfield code="b">.A6</marc:subfield></marc:datafield><marc:datafield tag="082" ind1=" " ind2=" "><marc:subfield code="a">412</marc:subfield></marc:datafield><marc:datafield tag="245" ind1="0" ind2="0"><marc:subfield code="a">Approaches to natural language. :</marc:subfield><marc:subfield code="b">Proceedings of the 1970 Stanford workshop on grammar and semantics. /</marc:subfield><marc:subfield code="c">Edited by K. J. J. Hintikka, J. M. E. Moravcsik and P. Suppes.</marc:subfield></marc:datafield><marc:datafield tag="260" ind1="0" ind2=" "><marc:subfield code="a">Dordrecht ;</marc:subfield><marc:subfield code="a">Boston :</marc:subfield><marc:subfield code="b">Reidel,</marc:subfield><marc:subfield code="c">[1973]</marc:subfield></marc:datafield><marc:datafield tag="300" ind1=" " ind2=" "><marc:subfield code="a">viii, 526 p. ;</marc:subfield><marc:subfield code="c">23 cm.</marc:subfield></marc:datafield><marc:datafield tag="440" ind1=" " ind2="0"><marc:subfield code="a">Synthese library</marc:subfield></marc:datafield><marc:datafield tag="500" ind1=" " ind2=" "><marc:subfield code="a">Sponsored by Committee on Basic Research in Education.</marc:subfield></marc:datafield><marc:datafield tag="504" ind1=" " ind2=" "><marc:subfield code="a">Bibliography: p. [518]-526.</marc:subfield></marc:datafield><marc:datafield tag="650" ind1=" " ind2="0"><marc:subfield code="a">Linguistics</marc:subfield><marc:subfield code="v">Congresses.</marc:subfield></marc:datafield><marc:datafield tag="700" ind1="1" ind2="0"><marc:subfield code="a">Hintikka, Jaakko,</marc:subfield><marc:subfield code="d">1929-</marc:subfield><marc:subfield code="e">ed.</marc:subfield></marc:datafield><marc:datafield tag="700" ind1="1" ind2="0"><marc:subfield code="a">Moravcsik, J. M. E.,</marc:subfield><marc:subfield code="e">ed.</marc:subfield></marc:datafield><marc:datafield tag="700" ind1="1" ind2="0"><marc:subfield code="a">Suppes, Patrick,</marc:subfield><marc:subfield code="d">1922-</marc:subfield><marc:subfield code="e">ed.</marc:subfield></marc:datafield><marc:datafield tag="710" ind1="2" ind2="0"><marc:subfield code="a">Committee on Basic Research in Education.</marc:subfield></marc:datafield><marc:datafield tag="035" ind1=" " ind2=" "><marc:subfield code="a">(TxDaGIAL)37741100022976</marc:subfield></marc:datafield><marc:controlfield tag="005">20080624154452.0</marc:controlfield><marc:controlfield tag="001">563</marc:controlfield><marc:controlfield tag="003">TxDaGIAL</marc:controlfield><marc:datafield tag="852" ind1=" " ind2=" "><marc:subfield code="p">37741100022976</marc:subfield><marc:subfield code="a">Library</marc:subfield><marc:subfield code="9">$0.00</marc:subfield><marc:subfield code="x">FUND:GIFT</marc:subfield><marc:subfield code="x">COPYID:640</marc:subfield><marc:subfield code="x">FSC@aRegular@c19990316</marc:subfield><marc:subfield code="h">401.43 A652h 1973</marc:subfield><marc:subfield code="z">Gift Frank Brandon 6-98</marc:subfield></marc:datafield></marc:record>