
<marc:record><marc:leader>01274nam a2200289 a 4500</marc:leader>
<marc:controlfield tag="008">850409s1979    ke            10010 eng  </marc:controlfield>
<marc:datafield tag="010" ind1=" " ind2=" "><marc:subfield code="a">   81980160</marc:subfield></marc:datafield><marc:datafield tag="040" ind1=" " ind2=" "><marc:subfield code="a">DLC</marc:subfield><marc:subfield code="c">DLC</marc:subfield><marc:subfield code="d">TxDaGIAL</marc:subfield></marc:datafield><marc:datafield tag="043" ind1=" " ind2=" "><marc:subfield code="a">f------</marc:subfield></marc:datafield><marc:datafield tag="050" ind1="0" ind2=" "><marc:subfield code="a">LC158.A2</marc:subfield><marc:subfield code="b">L68 1979</marc:subfield></marc:datafield><marc:datafield tag="082" ind1="0" ind2=" "><marc:subfield code="a">374/.012</marc:subfield><marc:subfield code="2">19</marc:subfield></marc:datafield><marc:datafield tag="100" ind1="1" ind2="0"><marc:subfield code="a">Lowry, Dennis T.</marc:subfield></marc:datafield><marc:datafield tag="245" ind1="1" ind2="0"><marc:subfield code="a">Appropriate techniques of evaluating adult literacy programmes /</marc:subfield><marc:subfield code="c">by Dennis T. Lowry. Including reports and Working Group recommendations following workshop presentations at the 5th Biennial Pan-African Afrolit Society Workshop, Nairobi, Kenya, December 12-22, 1977 / general editor, Charles T. Hein.</marc:subfield></marc:datafield><marc:datafield tag="260" ind1="0" ind2=" "><marc:subfield code="a">Nairobi, Kenya :</marc:subfield><marc:subfield code="b">Afrolit Society,</marc:subfield><marc:subfield code="c">c1979.</marc:subfield></marc:datafield><marc:datafield tag="300" ind1=" " ind2=" "><marc:subfield code="a">88 p. ;</marc:subfield><marc:subfield code="c">21 cm.</marc:subfield></marc:datafield><marc:datafield tag="490" ind1="1" ind2=" "><marc:subfield code="a">Afrolit paper ;</marc:subfield><marc:subfield code="v">no. 4</marc:subfield></marc:datafield><marc:datafield tag="650" ind1=" " ind2="0"><marc:subfield code="a">Literacy</marc:subfield><marc:subfield code="z">Africa</marc:subfield><marc:subfield code="x">Evaluation</marc:subfield><marc:subfield code="v">Congresses.</marc:subfield></marc:datafield><marc:datafield tag="650" ind1=" " ind2="0"><marc:subfield code="a">Reading (Adult education)</marc:subfield><marc:subfield code="z">Africa</marc:subfield><marc:subfield code="v">Congresses.</marc:subfield></marc:datafield><marc:datafield tag="700" ind1="1" ind2="0"><marc:subfield code="a">Hein, Charles T.</marc:subfield></marc:datafield><marc:datafield tag="711" ind1="2" ind2="0"><marc:subfield code="a">Afrolit Society Workshop</marc:subfield><marc:subfield code="n">(5th :</marc:subfield><marc:subfield code="d">1977 :</marc:subfield><marc:subfield code="c">Nairobi, Kenya)</marc:subfield></marc:datafield><marc:datafield tag="830" ind1=" " ind2="0"><marc:subfield code="a">Afrolit papers ;</marc:subfield><marc:subfield code="v">no. 4.</marc:subfield></marc:datafield><marc:datafield tag="035" ind1=" " ind2=" "><marc:subfield code="a">(TxDaGIAL)37741100011802</marc:subfield></marc:datafield><marc:controlfield tag="005">20080624154453.0</marc:controlfield><marc:controlfield tag="001">565</marc:controlfield><marc:controlfield tag="003">TxDaGIAL</marc:controlfield><marc:datafield tag="852" ind1=" " ind2=" "><marc:subfield code="p">37741100011802</marc:subfield><marc:subfield code="a">Library</marc:subfield><marc:subfield code="x">COPYID:643</marc:subfield><marc:subfield code="x">FSC@aRegular@c19960605</marc:subfield><marc:subfield code="h">374 L921 1979</marc:subfield></marc:datafield><marc:datafield tag="852" ind1=" " ind2=" "><marc:subfield code="p">37741100011803</marc:subfield><marc:subfield code="a">Library</marc:subfield><marc:subfield code="x">COPYID:644</marc:subfield><marc:subfield code="x">FSC@aRegular@c19960605</marc:subfield><marc:subfield code="h">374 L921 1979</marc:subfield><marc:subfield code="z">8978</marc:subfield></marc:datafield></marc:record>