
<marc:record><marc:leader>01221cam a2200277 a 4500</marc:leader>
<marc:controlfield tag="008">831230s1984    ctua     b    00100 eng  </marc:controlfield>
<marc:datafield tag="010" ind1=" " ind2=" "><marc:subfield code="a">   83026682 //r91</marc:subfield></marc:datafield><marc:datafield tag="020" ind1=" " ind2=" "><marc:subfield code="a">0313241503 (lib. bdg.)</marc:subfield></marc:datafield><marc:datafield tag="040" ind1=" " ind2=" "><marc:subfield code="a">DLC</marc:subfield><marc:subfield code="c">DLC</marc:subfield><marc:subfield code="d">DLC</marc:subfield><marc:subfield code="d">OCoLC</marc:subfield></marc:datafield><marc:datafield tag="050" ind1="0" ind2="0"><marc:subfield code="a">T49.5</marc:subfield><marc:subfield code="b">.A655 1984</marc:subfield></marc:datafield><marc:datafield tag="082" ind1="0" ind2="0"><marc:subfield code="a">338.9</marc:subfield><marc:subfield code="2">19</marc:subfield></marc:datafield><marc:datafield tag="245" ind1="0" ind2="0"><marc:subfield code="a">Appropriate technology in Third World development /</marc:subfield><marc:subfield code="c">Pradip K. Ghosh, editor, Denton E. Morrison, associate editor ; foreword by Gamani Corea.</marc:subfield></marc:datafield><marc:datafield tag="260" ind1="0" ind2=" "><marc:subfield code="a">Westport, Conn. :</marc:subfield><marc:subfield code="b">Greenwood Press,</marc:subfield><marc:subfield code="c">1984.</marc:subfield></marc:datafield><marc:datafield tag="300" ind1=" " ind2=" "><marc:subfield code="a">xxiv, 494 p. :</marc:subfield><marc:subfield code="b">ill. ;</marc:subfield><marc:subfield code="c">25 cm.</marc:subfield></marc:datafield><marc:datafield tag="440" ind1=" " ind2="0"><marc:subfield code="a">International development resource books,</marc:subfield><marc:subfield code="x">0738-1425 ;</marc:subfield><marc:subfield code="v">no. 14</marc:subfield></marc:datafield><marc:datafield tag="500" ind1=" " ind2=" "><marc:subfield code="a">&quot;Prepared under the auspices of the Center for International Development, University of Maryland, College Park, and the World Academy of Development and Cooperation, Washington, D.C.&quot;</marc:subfield></marc:datafield><marc:datafield tag="504" ind1=" " ind2=" "><marc:subfield code="a">Includes bibliographies and index.</marc:subfield></marc:datafield><marc:datafield tag="650" ind1=" " ind2="0"><marc:subfield code="a">Appropriate technology.</marc:subfield></marc:datafield><marc:datafield tag="650" ind1=" " ind2="0"><marc:subfield code="a">Technology</marc:subfield><marc:subfield code="z">Developing countries.</marc:subfield></marc:datafield><marc:datafield tag="700" ind1="1" ind2="0"><marc:subfield code="a">Ghosh, Pradip K.,</marc:subfield><marc:subfield code="d">1947-</marc:subfield></marc:datafield><marc:datafield tag="700" ind1="1" ind2="0"><marc:subfield code="a">Morrison, Denton E.</marc:subfield></marc:datafield><marc:datafield tag="035" ind1=" " ind2=" "><marc:subfield code="a">(TxDaGIAL)37741100006127</marc:subfield></marc:datafield><marc:controlfield tag="005">20080624154453.0</marc:controlfield><marc:controlfield tag="001">566</marc:controlfield><marc:controlfield tag="003">TxDaGIAL</marc:controlfield><marc:datafield tag="852" ind1=" " ind2=" "><marc:subfield code="p">37741100006127</marc:subfield><marc:subfield code="a">Library</marc:subfield><marc:subfield code="x">COPYID:645</marc:subfield><marc:subfield code="x">FSC@aRegular@c19950802</marc:subfield><marc:subfield code="h">338.927 A654g 1984</marc:subfield><marc:subfield code="z">10672</marc:subfield></marc:datafield></marc:record>