
<marc:record><marc:leader>01199cam a2200301 a 4500</marc:leader>
<marc:controlfield tag="008">871109s1986    caua          00110 eng  </marc:controlfield>
<marc:datafield tag="010" ind1=" " ind2=" "><marc:subfield code="a">   87406578 //r902</marc:subfield></marc:datafield><marc:datafield tag="020" ind1=" " ind2=" "><marc:subfield code="a">0917704185 :</marc:subfield><marc:subfield code="c">$26.95</marc:subfield></marc:datafield><marc:datafield tag="020" ind1=" " ind2=" "><marc:subfield code="a">0917704177 (pbk.) :</marc:subfield><marc:subfield code="c">$17.95</marc:subfield></marc:datafield><marc:datafield tag="040" ind1=" " ind2=" "><marc:subfield code="a">DLC</marc:subfield><marc:subfield code="c">DLC</marc:subfield><marc:subfield code="d">DLC</marc:subfield></marc:datafield><marc:datafield tag="050" ind1="0" ind2="0"><marc:subfield code="a">T49.5</marc:subfield><marc:subfield code="b">.D37 1986</marc:subfield></marc:datafield><marc:datafield tag="082" ind1="0" ind2="0"><marc:subfield code="a">338.9/27</marc:subfield><marc:subfield code="2">19</marc:subfield></marc:datafield><marc:datafield tag="100" ind1="1" ind2="0"><marc:subfield code="a">Darrow, Ken.</marc:subfield></marc:datafield><marc:datafield tag="245" ind1="1" ind2="0"><marc:subfield code="a">Appropriate technology sourcebook :</marc:subfield><marc:subfield code="b">a guide to practical books for village and small community technology /</marc:subfield><marc:subfield code="c">by Ken Darrow, Mike Saxenian.</marc:subfield></marc:datafield><marc:datafield tag="250" ind1=" " ind2=" "><marc:subfield code="a">Rev. and enl. ed.</marc:subfield></marc:datafield><marc:datafield tag="260" ind1="0" ind2=" "><marc:subfield code="a">Stanford, Calif., USA :</marc:subfield><marc:subfield code="b">Appropriate Technology Project, Volunteers in Asia,</marc:subfield><marc:subfield code="c">c1986.</marc:subfield></marc:datafield><marc:datafield tag="300" ind1=" " ind2=" "><marc:subfield code="a">800 p. :</marc:subfield><marc:subfield code="b">ill. ;</marc:subfield><marc:subfield code="c">24 cm.</marc:subfield></marc:datafield><marc:datafield tag="500" ind1=" " ind2=" "><marc:subfield code="a">Accompanies: Appropriate technology microfiche reference library.</marc:subfield></marc:datafield><marc:datafield tag="500" ind1=" " ind2=" "><marc:subfield code="a">Includes index.</marc:subfield></marc:datafield><marc:datafield tag="650" ind1=" " ind2="0"><marc:subfield code="a">Appropriate technology.</marc:subfield></marc:datafield><marc:datafield tag="700" ind1="1" ind2="0"><marc:subfield code="a">Saxenian, Mike.</marc:subfield></marc:datafield><marc:datafield tag="710" ind1="2" ind2="0"><marc:subfield code="a">Volunteers in Asia, inc.</marc:subfield><marc:subfield code="b">Appropriate Technology Project.</marc:subfield></marc:datafield><marc:datafield tag="730" ind1="0" ind2="1"><marc:subfield code="a">Appropriate technology microfiche reference library.</marc:subfield></marc:datafield><marc:datafield tag="035" ind1=" " ind2=" "><marc:subfield code="a">(TxDaGIAL)37741100006130</marc:subfield></marc:datafield><marc:controlfield tag="005">20080624154454.0</marc:controlfield><marc:controlfield tag="001">567</marc:controlfield><marc:controlfield tag="003">TxDaGIAL</marc:controlfield><marc:datafield tag="852" ind1=" " ind2=" "><marc:subfield code="p">37741100006130</marc:subfield><marc:subfield code="a">Library</marc:subfield><marc:subfield code="9">$26.95</marc:subfield><marc:subfield code="x">COPYID:646</marc:subfield><marc:subfield code="x">FSC@aRegular@c19950802</marc:subfield><marc:subfield code="h">338.927 D225a 1986</marc:subfield><marc:subfield code="z">B/T 11-90</marc:subfield></marc:datafield></marc:record>