
<marc:record><marc:leader>00939Qam a2200253 a 4500</marc:leader>
<marc:controlfield tag="008">791203s1976    cau           000 0 eng d</marc:controlfield>
<marc:datafield tag="020" ind1=" " ind2=" "><marc:subfield code="a">0917704002</marc:subfield></marc:datafield><marc:datafield tag="035" ind1=" " ind2=" "><marc:subfield code="a">(CU-UC)619479</marc:subfield></marc:datafield><marc:datafield tag="040" ind1=" " ind2=" "><marc:subfield code="a">NA</marc:subfield><marc:subfield code="c">CU-SC</marc:subfield><marc:subfield code="d">TxDaGIAL</marc:subfield></marc:datafield><marc:datafield tag="100" ind1="1" ind2=" "><marc:subfield code="a">Darrow, Ken.</marc:subfield></marc:datafield><marc:datafield tag="245" ind1="1" ind2="0"><marc:subfield code="a">Appropriate technology sourcebook for tools and techniques that use local skills, local resources, and renewable sources of energy /</marc:subfield><marc:subfield code="c">[by] Ken Darrow and Rick Pam.</marc:subfield></marc:datafield><marc:datafield tag="250" ind1=" " ind2=" "><marc:subfield code="a">2d ed.</marc:subfield></marc:datafield><marc:datafield tag="260" ind1=" " ind2=" "><marc:subfield code="a">Stanford, Calif. :</marc:subfield><marc:subfield code="b">Appropriate Technology Project, Volunteers in Asia,</marc:subfield><marc:subfield code="c">1976.</marc:subfield></marc:datafield><marc:datafield tag="300" ind1=" " ind2=" "><marc:subfield code="a">304 p. ;</marc:subfield><marc:subfield code="c">22 cm.</marc:subfield></marc:datafield><marc:datafield tag="546" ind1=" " ind2=" "><marc:subfield code="a">English.</marc:subfield></marc:datafield><marc:datafield tag="650" ind1=" " ind2="0"><marc:subfield code="a">Technology</marc:subfield><marc:subfield code="v">Bibliography.</marc:subfield></marc:datafield><marc:datafield tag="651" ind1=" " ind2="0"><marc:subfield code="a">Developing countries</marc:subfield><marc:subfield code="x">Technology</marc:subfield><marc:subfield code="v">Bibliography.</marc:subfield></marc:datafield><marc:datafield tag="650" ind1=" " ind2="0"><marc:subfield code="a">Appropriate technology.</marc:subfield></marc:datafield><marc:datafield tag="700" ind1="1" ind2="0"><marc:subfield code="a">Pam, Rick.</marc:subfield></marc:datafield><marc:datafield tag="035" ind1=" " ind2=" "><marc:subfield code="a">(TxDaGIAL)37741100019825</marc:subfield></marc:datafield><marc:controlfield tag="005">20080624154454.0</marc:controlfield><marc:controlfield tag="001">568</marc:controlfield><marc:controlfield tag="003">TxDaGIAL</marc:controlfield><marc:datafield tag="852" ind1=" " ind2=" "><marc:subfield code="p">37741100019825</marc:subfield><marc:subfield code="a">Library</marc:subfield><marc:subfield code="x">COPYID:647</marc:subfield><marc:subfield code="x">FSC@aRegular@c19970819</marc:subfield><marc:subfield code="h">338.927 D225a 1976</marc:subfield><marc:subfield code="z">4678</marc:subfield></marc:datafield></marc:record>