
<marc:record><marc:leader>00678nam a2200205 a 4500</marc:leader>
<marc:controlfield tag="008">971117s1973    gt            000 0 myn d</marc:controlfield>
<marc:datafield tag="040" ind1=" " ind2=" "><marc:subfield code="a">TxDaGIAL</marc:subfield><marc:subfield code="c">TxDaGIAL</marc:subfield></marc:datafield><marc:datafield tag="041" ind1="1" ind2=" "><marc:subfield code="a">spamyn</marc:subfield></marc:datafield><marc:datafield tag="082" ind1="0" ind2="4"><marc:subfield code="a">497.415</marc:subfield></marc:datafield><marc:datafield tag="100" ind1="1" ind2=" "><marc:subfield code="a">Colop Ordonez, Salome Moises.</marc:subfield></marc:datafield><marc:datafield tag="245" ind1="1" ind2="0"><marc:subfield code="a">Aprenda el idioma Quiche /</marc:subfield><marc:subfield code="c">por S. Moiss Colop Ordoez.</marc:subfield></marc:datafield><marc:datafield tag="260" ind1=" " ind2=" "><marc:subfield code="a">San Cristobal :</marc:subfield><marc:subfield code="b">Seccion de Castellanizacion de SEP,</marc:subfield><marc:subfield code="c">1973.</marc:subfield></marc:datafield><marc:datafield tag="300" ind1=" " ind2=" "><marc:subfield code="a">[vi], 37 p. ;</marc:subfield><marc:subfield code="c">21 cm.</marc:subfield></marc:datafield><marc:datafield tag="546" ind1=" " ind2=" "><marc:subfield code="a">In Spanish and Quiche.</marc:subfield></marc:datafield><marc:datafield tag="650" ind1=" " ind2="0"><marc:subfield code="a">Quich language.</marc:subfield></marc:datafield><marc:datafield tag="035" ind1=" " ind2=" "><marc:subfield code="a">(TxDaGIAL)37741100021877</marc:subfield></marc:datafield><marc:controlfield tag="005">20080624154454.0</marc:controlfield><marc:controlfield tag="001">569</marc:controlfield><marc:controlfield tag="003">TxDaGIAL</marc:controlfield><marc:datafield tag="852" ind1=" " ind2=" "><marc:subfield code="p">37741100021877</marc:subfield><marc:subfield code="a">Library</marc:subfield><marc:subfield code="x">COPYID:648</marc:subfield><marc:subfield code="x">FSC@aRegular@c19971118</marc:subfield><marc:subfield code="h">497.415 C719 1973</marc:subfield><marc:subfield code="z">13743</marc:subfield></marc:datafield></marc:record>