
<marc:record><marc:leader>00754pam a2200229 a 4500</marc:leader>
<marc:controlfield tag="008">861117s1986    njua          00010 eng  </marc:controlfield>
<marc:datafield tag="010" ind1=" " ind2=" "><marc:subfield code="a">   86030042</marc:subfield></marc:datafield><marc:datafield tag="020" ind1=" " ind2=" "><marc:subfield code="a">0818404302 (pbk.) :</marc:subfield><marc:subfield code="c">$6.00</marc:subfield></marc:datafield><marc:datafield tag="040" ind1=" " ind2=" "><marc:subfield code="a">DLC</marc:subfield><marc:subfield code="c">DLC</marc:subfield></marc:datafield><marc:datafield tag="050" ind1="0" ind2=" "><marc:subfield code="a">PJ6321</marc:subfield><marc:subfield code="b">.A93 1986</marc:subfield></marc:datafield><marc:datafield tag="082" ind1="0" ind2=" "><marc:subfield code="a">492/.711</marc:subfield><marc:subfield code="2">19</marc:subfield></marc:datafield><marc:datafield tag="100" ind1="1" ind2="0"><marc:subfield code="a">Awde, Nicholas.</marc:subfield></marc:datafield><marc:datafield tag="245" ind1="1" ind2="4"><marc:subfield code="a">The Arabic alphabet :</marc:subfield><marc:subfield code="b">how to read and write it /</marc:subfield><marc:subfield code="c">by Nicholas Awde and Putros Samano.</marc:subfield></marc:datafield><marc:datafield tag="260" ind1="0" ind2=" "><marc:subfield code="a">Secaucus, N.J. :</marc:subfield><marc:subfield code="b">Lyle Stuart,</marc:subfield><marc:subfield code="c">c1986.</marc:subfield></marc:datafield><marc:datafield tag="300" ind1=" " ind2=" "><marc:subfield code="a">95 p. :</marc:subfield><marc:subfield code="b">ill. ;</marc:subfield><marc:subfield code="c">22 cm.</marc:subfield></marc:datafield><marc:datafield tag="650" ind1=" " ind2="0"><marc:subfield code="a">Arabic alphabet.</marc:subfield></marc:datafield><marc:datafield tag="700" ind1="1" ind2="0"><marc:subfield code="a">Samano, Putros.</marc:subfield></marc:datafield><marc:datafield tag="035" ind1=" " ind2=" "><marc:subfield code="a">(TxDaGIAL)37741100012569</marc:subfield></marc:datafield><marc:controlfield tag="005">20080624154454.0</marc:controlfield><marc:controlfield tag="001">571</marc:controlfield><marc:controlfield tag="003">TxDaGIAL</marc:controlfield><marc:datafield tag="852" ind1=" " ind2=" "><marc:subfield code="p">37741100012569</marc:subfield><marc:subfield code="a">Library</marc:subfield><marc:subfield code="9">$6.00</marc:subfield><marc:subfield code="x">COPYID:650</marc:subfield><marc:subfield code="x">FSC@aRegular@c19960717</marc:subfield><marc:subfield code="h">492.711 A966a 1986</marc:subfield><marc:subfield code="z">B/T 12-88</marc:subfield></marc:datafield></marc:record>