
<marc:record><marc:leader>01236cam a2200289 a 4500</marc:leader>
<marc:controlfield tag="008">831130s1983    sj       b    00010 eng  </marc:controlfield>
<marc:datafield tag="010" ind1=" " ind2=" "><marc:subfield code="a">   83980159 //r86</marc:subfield></marc:datafield><marc:datafield tag="040" ind1=" " ind2=" "><marc:subfield code="a">DLC</marc:subfield><marc:subfield code="c">DLC</marc:subfield><marc:subfield code="d">TxDaGIAL</marc:subfield></marc:datafield><marc:datafield tag="041" ind1="0" ind2=" "><marc:subfield code="a">engara</marc:subfield></marc:datafield><marc:datafield tag="043" ind1=" " ind2=" "><marc:subfield code="a">f-sj---</marc:subfield></marc:datafield><marc:datafield tag="050" ind1="0" ind2=" "><marc:subfield code="a">PJ6901.S68</marc:subfield><marc:subfield code="b">M33 1983</marc:subfield></marc:datafield><marc:datafield tag="082" ind1="0" ind2=" "><marc:subfield code="a">492/.77/09629</marc:subfield><marc:subfield code="2">19</marc:subfield></marc:datafield><marc:datafield tag="100" ind1="1" ind2="0"><marc:subfield code="a">Mahmud, Ushari Ahmad,</marc:subfield><marc:subfield code="d">1948-</marc:subfield></marc:datafield><marc:datafield tag="245" ind1="1" ind2="0"><marc:subfield code="a">Arabic in the southern Sudan :</marc:subfield><marc:subfield code="b">history and spread of a pidgin-creole /</marc:subfield><marc:subfield code="c">Ushari Ahmad Mahmud.</marc:subfield></marc:datafield><marc:datafield tag="260" ind1="0" ind2=" "><marc:subfield code="a">[Khartoum :</marc:subfield><marc:subfield code="b">s.n.],</marc:subfield><marc:subfield code="c">c1983</marc:subfield><marc:subfield code="e">(Khartoum, Sudan :</marc:subfield><marc:subfield code="f">FAL Advertising and Print. Co.)</marc:subfield></marc:datafield><marc:datafield tag="300" ind1=" " ind2=" "><marc:subfield code="a">xiii, 168 p., [3] leaves of plates :</marc:subfield><marc:subfield code="b">maps ;</marc:subfield><marc:subfield code="c">24 cm.</marc:subfield></marc:datafield><marc:datafield tag="500" ind1=" " ind2=" "><marc:subfield code="a">English, with some Arabic.</marc:subfield></marc:datafield><marc:datafield tag="504" ind1=" " ind2=" "><marc:subfield code="a">Bibliography: p. 158-168.</marc:subfield></marc:datafield><marc:datafield tag="650" ind1=" " ind2="0"><marc:subfield code="a">Arabic language</marc:subfield><marc:subfield code="x">Dialects</marc:subfield><marc:subfield code="z">Sudan</marc:subfield><marc:subfield code="z">Southern Region</marc:subfield><marc:subfield code="x">History.</marc:subfield></marc:datafield><marc:datafield tag="651" ind1=" " ind2="0"><marc:subfield code="a">Southern Region (Sudan)</marc:subfield><marc:subfield code="x">Languages.</marc:subfield></marc:datafield><marc:datafield tag="650" ind1=" " ind2="0"><marc:subfield code="a">Creole dialects, Arabic</marc:subfield><marc:subfield code="z">Sudan</marc:subfield><marc:subfield code="z">Southern Region.</marc:subfield></marc:datafield><marc:datafield tag="035" ind1=" " ind2=" "><marc:subfield code="a">(TxDaGIAL)37741100008820</marc:subfield></marc:datafield><marc:controlfield tag="005">20080624154455.0</marc:controlfield><marc:controlfield tag="001">575</marc:controlfield><marc:controlfield tag="003">TxDaGIAL</marc:controlfield><marc:datafield tag="852" ind1=" " ind2=" "><marc:subfield code="p">37741100008820</marc:subfield><marc:subfield code="a">Library</marc:subfield><marc:subfield code="x">COPYID:654</marc:subfield><marc:subfield code="x">FSC@aRegular@c19951017</marc:subfield><marc:subfield code="h">492.7709629 M215a 1983</marc:subfield><marc:subfield code="z">10173; gift Richard Bergman</marc:subfield></marc:datafield><marc:datafield tag="852" ind1=" " ind2=" "><marc:subfield code="p">37741100008821</marc:subfield><marc:subfield code="a">Library</marc:subfield><marc:subfield code="x">COPYID:655</marc:subfield><marc:subfield code="x">FSC@aRegular@c19951017</marc:subfield><marc:subfield code="h">492.7709629 M215a 1983</marc:subfield><marc:subfield code="z">10567; gift Margaret Bendor-Samuel</marc:subfield></marc:datafield></marc:record>