
<marc:record><marc:leader>00939nam a2200265 a 4500</marc:leader>
<marc:controlfield tag="008">950503s1994    enka     b    000 0 eng  </marc:controlfield>
<marc:datafield tag="010" ind1=" " ind2=" "><marc:subfield code="a">   95122821</marc:subfield></marc:datafield><marc:datafield tag="020" ind1=" " ind2=" "><marc:subfield code="a">0700703071 (text) :</marc:subfield><marc:subfield code="c">$70.00</marc:subfield></marc:datafield><marc:datafield tag="040" ind1=" " ind2=" "><marc:subfield code="a">DLC</marc:subfield><marc:subfield code="c">DLC</marc:subfield></marc:datafield><marc:datafield tag="043" ind1=" " ind2=" "><marc:subfield code="a">ma-----</marc:subfield></marc:datafield><marc:datafield tag="050" ind1="0" ind2="0"><marc:subfield code="a">P40.45.A65</marc:subfield><marc:subfield code="b">A73 1994</marc:subfield></marc:datafield><marc:datafield tag="245" ind1="0" ind2="0"><marc:subfield code="a">Arabic sociolinguistics :</marc:subfield><marc:subfield code="b">issues &amp; perspectives /</marc:subfield><marc:subfield code="c">edited by Yasir Suleiman.</marc:subfield></marc:datafield><marc:datafield tag="260" ind1=" " ind2=" "><marc:subfield code="a">Richmond, Surrey :</marc:subfield><marc:subfield code="b">Curzon Press,</marc:subfield><marc:subfield code="c">1994.</marc:subfield></marc:datafield><marc:datafield tag="300" ind1=" " ind2=" "><marc:subfield code="a">xv, 273 p. :</marc:subfield><marc:subfield code="b">ill. ;</marc:subfield><marc:subfield code="c">23 cm.</marc:subfield></marc:datafield><marc:datafield tag="504" ind1=" " ind2=" "><marc:subfield code="a">Includes bibliographical references.</marc:subfield></marc:datafield><marc:datafield tag="650" ind1=" " ind2="0"><marc:subfield code="a">Sociolinguistics</marc:subfield><marc:subfield code="z">Arab countries.</marc:subfield></marc:datafield><marc:datafield tag="650" ind1=" " ind2="0"><marc:subfield code="a">Language and culture</marc:subfield><marc:subfield code="z">Arab countries.</marc:subfield></marc:datafield><marc:datafield tag="650" ind1=" " ind2="0"><marc:subfield code="a">Arabic language</marc:subfield><marc:subfield code="x">Social aspects.</marc:subfield></marc:datafield><marc:datafield tag="650" ind1=" " ind2="0"><marc:subfield code="a">Arabic language</marc:subfield><marc:subfield code="x">Dialects.</marc:subfield></marc:datafield><marc:datafield tag="700" ind1="1" ind2=" "><marc:subfield code="a">Suleiman, Yasir.</marc:subfield></marc:datafield><marc:datafield tag="035" ind1=" " ind2=" "><marc:subfield code="a">(TxDaGIAL)37741100005901</marc:subfield></marc:datafield><marc:controlfield tag="005">20080624154455.0</marc:controlfield><marc:controlfield tag="001">576</marc:controlfield><marc:controlfield tag="003">TxDaGIAL</marc:controlfield><marc:datafield tag="852" ind1=" " ind2=" "><marc:subfield code="p">37741100005901</marc:subfield><marc:subfield code="a">Library</marc:subfield><marc:subfield code="9">$60.90</marc:subfield><marc:subfield code="x">COPYID:656</marc:subfield><marc:subfield code="x">FSC@aRegular@c19950724</marc:subfield><marc:subfield code="h">306.44089 A658s 1994</marc:subfield><marc:subfield code="z">B/T  7-95</marc:subfield></marc:datafield></marc:record>