
<marc:record><marc:leader>01056nam a2200265 i 4500</marc:leader>
<marc:controlfield tag="008">950911r19821995miua          000 0 eng d</marc:controlfield>
<marc:datafield tag="040" ind1=" " ind2=" "><marc:subfield code="a">TxU</marc:subfield><marc:subfield code="c">TxU</marc:subfield><marc:subfield code="d">TxDaGIAL</marc:subfield></marc:datafield><marc:datafield tag="100" ind1="1" ind2=" "><marc:subfield code="a">Hammoud, Mohamed Salah-Dine,</marc:subfield><marc:subfield code="d">1947-</marc:subfield></marc:datafield><marc:datafield tag="245" ind1="1" ind2="0"><marc:subfield code="a">Arabicization in Morocco :</marc:subfield><marc:subfield code="b">a case study in language planning and language policy attitudes /</marc:subfield><marc:subfield code="c">by Mohamed Salah-Dine.</marc:subfield></marc:datafield><marc:datafield tag="260" ind1=" " ind2=" "><marc:subfield code="c">1982.</marc:subfield></marc:datafield><marc:datafield tag="300" ind1=" " ind2=" "><marc:subfield code="a">xxiii, 288 p. :</marc:subfield><marc:subfield code="b">ill. ;</marc:subfield><marc:subfield code="c">21 cm.</marc:subfield></marc:datafield><marc:datafield tag="500" ind1=" " ind2=" "><marc:subfield code="a">Vita.</marc:subfield></marc:datafield><marc:datafield tag="502" ind1=" " ind2=" "><marc:subfield code="a">Thesis (Ph.D.)--University of Texas at Austin, 1982.</marc:subfield></marc:datafield><marc:datafield tag="504" ind1=" " ind2=" "><marc:subfield code="a">Bibliography: p. 262-288.</marc:subfield></marc:datafield><marc:datafield tag="533" ind1=" " ind2=" "><marc:subfield code="a">Facsim.</marc:subfield><marc:subfield code="b">Ann Arbor, Mich. :</marc:subfield><marc:subfield code="c">University Microfilms International,</marc:subfield><marc:subfield code="d">1995.</marc:subfield></marc:datafield><marc:datafield tag="650" ind1=" " ind2="0"><marc:subfield code="a">Language policy</marc:subfield><marc:subfield code="z">Morocco.</marc:subfield></marc:datafield><marc:datafield tag="650" ind1=" " ind2="0"><marc:subfield code="a">Language planning</marc:subfield><marc:subfield code="z">Morocco.</marc:subfield></marc:datafield><marc:datafield tag="650" ind1=" " ind2="0"><marc:subfield code="a">Languages in contact</marc:subfield><marc:subfield code="z">Morocco.</marc:subfield></marc:datafield><marc:datafield tag="650" ind1=" " ind2="0"><marc:subfield code="a">Arabic language</marc:subfield><marc:subfield code="z">Morocco.</marc:subfield></marc:datafield><marc:datafield tag="610" ind1="2" ind2="0"><marc:subfield code="a">University of Texas at Austin.</marc:subfield><marc:subfield code="b">Graduate School.</marc:subfield></marc:datafield><marc:datafield tag="035" ind1=" " ind2=" "><marc:subfield code="a">(TxDaGIAL)37741100007917</marc:subfield></marc:datafield><marc:controlfield tag="005">20080624154456.0</marc:controlfield><marc:controlfield tag="001">577</marc:controlfield><marc:controlfield tag="003">TxDaGIAL</marc:controlfield><marc:datafield tag="852" ind1=" " ind2=" "><marc:subfield code="p">37741100007917</marc:subfield><marc:subfield code="a">Library</marc:subfield><marc:subfield code="9">$36.00</marc:subfield><marc:subfield code="x">COPYID:657</marc:subfield><marc:subfield code="x">FSC@aRegular@c19950911</marc:subfield><marc:subfield code="h">306.44964 H227a 1982</marc:subfield><marc:subfield code="z">Dir. 7-95</marc:subfield></marc:datafield></marc:record>