
<marc:record><marc:leader>00930nam a2200265Ii 4500</marc:leader>
<marc:controlfield tag="008">740927|1952||||dcu           000 0 engmu</marc:controlfield>
<marc:datafield tag="010" ind1=" " ind2=" "><marc:subfield code="a">52061296 //R</marc:subfield></marc:datafield><marc:datafield tag="035" ind1=" " ind2=" "><marc:subfield code="a">1023878</marc:subfield></marc:datafield><marc:datafield tag="040" ind1=" " ind2=" "><marc:subfield code="c">KEN</marc:subfield><marc:subfield code="d">m.c.</marc:subfield></marc:datafield><marc:datafield tag="050" ind1=" " ind2=" "><marc:subfield code="a">E51</marc:subfield><marc:subfield code="b">.U6 no. 148</marc:subfield></marc:datafield><marc:datafield tag="050" ind1="0" ind2=" "><marc:subfield code="a">E51</marc:subfield><marc:subfield code="b">.U6 no.148</marc:subfield><marc:subfield code="a">E99.A7H5</marc:subfield></marc:datafield><marc:datafield tag="050" ind1=" " ind2=" "><marc:subfield code="a">E51</marc:subfield><marc:subfield code="b">.U6 no. 148</marc:subfield></marc:datafield><marc:datafield tag="100" ind1="1" ind2=" "><marc:subfield code="a">Hilger, M. Inez</marc:subfield><marc:subfield code="q">(Mary Inez),</marc:subfield><marc:subfield code="d">1891-</marc:subfield></marc:datafield><marc:datafield tag="245" ind1="1" ind2="0"><marc:subfield code="a">Arapaho child life and its cultural background.</marc:subfield></marc:datafield><marc:datafield tag="260" ind1=" " ind2=" "><marc:subfield code="a">Washington :</marc:subfield><marc:subfield code="b">U.S. Govt. Print. Off.,</marc:subfield><marc:subfield code="c">1952.</marc:subfield></marc:datafield><marc:datafield tag="300" ind1=" " ind2=" "><marc:subfield code="a">xv, 253 p. :</marc:subfield><marc:subfield code="b">40 plates (incl. ports.) ;</marc:subfield><marc:subfield code="c">24 cm.</marc:subfield></marc:datafield><marc:datafield tag="440" ind1=" " ind2="0"><marc:subfield code="a">Smithsonian institution.</marc:subfield><marc:subfield code="p">Bureau of American Ethnology ;</marc:subfield><marc:subfield code="v">bulletin 148</marc:subfield></marc:datafield><marc:datafield tag="504" ind1=" " ind2=" "><marc:subfield code="a">Bibliography: p. 233-240.</marc:subfield></marc:datafield><marc:datafield tag="650" ind1=" " ind2="0"><marc:subfield code="a">Arapaho Indians.</marc:subfield></marc:datafield><marc:datafield tag="650" ind1=" " ind2="0"><marc:subfield code="a">Indian children</marc:subfield><marc:subfield code="z">North America.</marc:subfield></marc:datafield><marc:datafield tag="035" ind1=" " ind2=" "><marc:subfield code="a">(TxDaGIAL)37741100018220</marc:subfield></marc:datafield><marc:controlfield tag="005">20080624154456.0</marc:controlfield><marc:controlfield tag="001">579</marc:controlfield><marc:controlfield tag="003">TxDaGIAL</marc:controlfield><marc:datafield tag="852" ind1=" " ind2=" "><marc:subfield code="p">37741100018220</marc:subfield><marc:subfield code="a">Library</marc:subfield><marc:subfield code="x">COPYID:660</marc:subfield><marc:subfield code="x">FSC@aRegular@c19970605</marc:subfield><marc:subfield code="h">306.05 S664b 148 1952</marc:subfield><marc:subfield code="z">851</marc:subfield></marc:datafield></marc:record>