
<marc:record><marc:leader>00718cam a2200229 i 4500</marc:leader>
<marc:controlfield tag="008">901012s1966    miua          001 0ceng u</marc:controlfield>
<marc:datafield tag="010" ind1=" " ind2=" "><marc:subfield code="a">   66013691</marc:subfield></marc:datafield><marc:datafield tag="035" ind1=" " ind2=" "><marc:subfield code="a">(NSyU)notisACY8107</marc:subfield></marc:datafield><marc:datafield tag="035" ind1=" " ind2=" "><marc:subfield code="a">ui202800503</marc:subfield></marc:datafield><marc:datafield tag="035" ind1=" " ind2=" "><marc:subfield code="a">NYSXACY8107-B</marc:subfield></marc:datafield><marc:datafield tag="040" ind1=" " ind2=" "><marc:subfield code="c">CarP</marc:subfield><marc:subfield code="d">TxDaGIAL</marc:subfield></marc:datafield><marc:datafield tag="050" ind1="0" ind2=" "><marc:subfield code="a">BS572</marc:subfield><marc:subfield code="b">.K4</marc:subfield></marc:datafield><marc:datafield tag="100" ind1="1" ind2=" "><marc:subfield code="a">Kelso, James Leon,</marc:subfield><marc:subfield code="d">1892-</marc:subfield></marc:datafield><marc:datafield tag="245" ind1="1" ind2="0"><marc:subfield code="a">Archaeology and our Old Testament contemporaries.</marc:subfield></marc:datafield><marc:datafield tag="260" ind1=" " ind2=" "><marc:subfield code="a">Grand Rapids :</marc:subfield><marc:subfield code="b">Zondervan Pub. House,</marc:subfield><marc:subfield code="c">c1966.</marc:subfield></marc:datafield><marc:datafield tag="300" ind1=" " ind2=" "><marc:subfield code="a">191 p. :</marc:subfield><marc:subfield code="b">ill. ;</marc:subfield><marc:subfield code="c">21 cm.</marc:subfield></marc:datafield><marc:datafield tag="630" ind1="0" ind2="0"><marc:subfield code="a">Bible.</marc:subfield><marc:subfield code="p">O.T.</marc:subfield><marc:subfield code="v">Biography.</marc:subfield></marc:datafield><marc:datafield tag="035" ind1=" " ind2=" "><marc:subfield code="a">(TxDaGIAL)37741100013385</marc:subfield></marc:datafield><marc:controlfield tag="005">20080624154456.0</marc:controlfield><marc:controlfield tag="001">580</marc:controlfield><marc:controlfield tag="003">TxDaGIAL</marc:controlfield><marc:datafield tag="852" ind1=" " ind2=" "><marc:subfield code="p">37741100013385</marc:subfield><marc:subfield code="a">Library</marc:subfield><marc:subfield code="x">COPYID:661</marc:subfield><marc:subfield code="x">FSC@aRegular@c19961017</marc:subfield><marc:subfield code="h">221.922 K29a 1966</marc:subfield><marc:subfield code="z">1921</marc:subfield></marc:datafield></marc:record>