
<marc:record><marc:leader>00742cam a2200205 i 4500</marc:leader>
<marc:controlfield tag="008">810401s1971    maua          00000 eng  </marc:controlfield>
<marc:datafield tag="035" ind1=" " ind2=" "><marc:subfield code="a">CNBG22820493-B</marc:subfield></marc:datafield><marc:datafield tag="100" ind1="1" ind2="0"><marc:subfield code="a">Albright, William Foxwell,</marc:subfield><marc:subfield code="d">1891-1971.</marc:subfield></marc:datafield><marc:datafield tag="245" ind1="1" ind2="4"><marc:subfield code="a">The archaeology of Palestine /</marc:subfield><marc:subfield code="c">William Foxwell Albright.</marc:subfield></marc:datafield><marc:datafield tag="250" ind1=" " ind2=" "><marc:subfield code="a">Rev. ed.</marc:subfield></marc:datafield><marc:datafield tag="260" ind1="0" ind2=" "><marc:subfield code="a">Gloucester, Mass. :</marc:subfield><marc:subfield code="b">Peter Smith,</marc:subfield><marc:subfield code="c">1971.</marc:subfield></marc:datafield><marc:datafield tag="300" ind1=" " ind2=" "><marc:subfield code="a">271p. :</marc:subfield><marc:subfield code="b">ill.</marc:subfield></marc:datafield><marc:datafield tag="500" ind1=" " ind2=" "><marc:subfield code="a">Reprint of the 1949 ed. published by Penguin Books, Middlesex, England.</marc:subfield></marc:datafield><marc:datafield tag="650" ind1=" " ind2="0"><marc:subfield code="a">Excavations (Archaeology)</marc:subfield><marc:subfield code="z">Palestine.</marc:subfield></marc:datafield><marc:datafield tag="651" ind1=" " ind2="0"><marc:subfield code="a">Palestine</marc:subfield><marc:subfield code="x">Antiquities.</marc:subfield></marc:datafield><marc:datafield tag="035" ind1=" " ind2=" "><marc:subfield code="a">(TxDaGIAL)37741100013294</marc:subfield></marc:datafield><marc:controlfield tag="005">20080624154457.0</marc:controlfield><marc:controlfield tag="001">583</marc:controlfield><marc:controlfield tag="003">TxDaGIAL</marc:controlfield><marc:datafield tag="852" ind1=" " ind2=" "><marc:subfield code="p">37741100013294</marc:subfield><marc:subfield code="a">Library</marc:subfield><marc:subfield code="x">COPYID:664</marc:subfield><marc:subfield code="x">FSC@aRegular@c19961016</marc:subfield><marc:subfield code="h">220.93 A342a 1971</marc:subfield><marc:subfield code="z">12959</marc:subfield></marc:datafield></marc:record>