
<marc:record><marc:leader>01192cam a2200289 a 4500</marc:leader>
<marc:controlfield tag="008">920727s1992    dcua     b   f000 0 eng  </marc:controlfield>
<marc:datafield tag="010" ind1=" " ind2=" "><marc:subfield code="a">   92028885 //r94</marc:subfield></marc:datafield><marc:datafield tag="040" ind1=" " ind2=" "><marc:subfield code="a">DLC</marc:subfield><marc:subfield code="c">DLC</marc:subfield><marc:subfield code="d">DLC</marc:subfield></marc:datafield><marc:datafield tag="043" ind1=" " ind2=" "><marc:subfield code="a">n-us-va</marc:subfield></marc:datafield><marc:datafield tag="050" ind1="0" ind2="0"><marc:subfield code="a">GN1</marc:subfield><marc:subfield code="b">.S54 no. 36</marc:subfield><marc:subfield code="a">E99.W84</marc:subfield></marc:datafield><marc:datafield tag="082" ind1="0" ind2="0"><marc:subfield code="a">975.5/26</marc:subfield><marc:subfield code="2">20</marc:subfield></marc:datafield><marc:datafield tag="100" ind1="1" ind2=" "><marc:subfield code="a">Stewart, T. D.</marc:subfield><marc:subfield code="q">(Thomas Dale),</marc:subfield><marc:subfield code="d">1901-</marc:subfield></marc:datafield><marc:datafield tag="245" ind1="1" ind2="0"><marc:subfield code="a">Archeological exploration of Patawomeke :</marc:subfield><marc:subfield code="b">the Indian town site (44St2), ancestral to the one (44St1) visited in 1608 by Captain John Smith /</marc:subfield><marc:subfield code="c">T. Dale Stewart.</marc:subfield></marc:datafield><marc:datafield tag="260" ind1=" " ind2=" "><marc:subfield code="a">Washington :</marc:subfield><marc:subfield code="b">Smithsonian Institution Press,</marc:subfield><marc:subfield code="c">1992.</marc:subfield></marc:datafield><marc:datafield tag="300" ind1=" " ind2=" "><marc:subfield code="a">ix, 96 p. :</marc:subfield><marc:subfield code="b">ill. ;</marc:subfield><marc:subfield code="c">28 cm.</marc:subfield></marc:datafield><marc:datafield tag="440" ind1=" " ind2="0"><marc:subfield code="a">Smithsonian contributions to anthropology ;</marc:subfield><marc:subfield code="v">no. 36</marc:subfield></marc:datafield><marc:datafield tag="504" ind1=" " ind2=" "><marc:subfield code="a">Includes bibliographical references (p. 94-96).</marc:subfield></marc:datafield><marc:datafield tag="651" ind1=" " ind2="0"><marc:subfield code="a">Patawomeke Site (Va.)</marc:subfield></marc:datafield><marc:datafield tag="650" ind1=" " ind2="0"><marc:subfield code="a">Woodland Indians</marc:subfield><marc:subfield code="x">Antiquities.</marc:subfield></marc:datafield><marc:datafield tag="650" ind1=" " ind2="0"><marc:subfield code="a">Woodland Indians</marc:subfield><marc:subfield code="x">Funeral customs and rites.</marc:subfield></marc:datafield><marc:datafield tag="651" ind1=" " ind2="0"><marc:subfield code="a">Stafford County (Va.)</marc:subfield><marc:subfield code="x">Antiquities.</marc:subfield></marc:datafield><marc:datafield tag="740" ind1="0" ind2="1"><marc:subfield code="a">Archaeological exploration of Patawomeke.</marc:subfield></marc:datafield><marc:datafield tag="035" ind1=" " ind2=" "><marc:subfield code="a">(TxDaGIAL)37741100011613</marc:subfield></marc:datafield><marc:controlfield tag="005">20080624154457.0</marc:controlfield><marc:controlfield tag="001">586</marc:controlfield><marc:controlfield tag="003">TxDaGIAL</marc:controlfield><marc:datafield tag="852" ind1=" " ind2=" "><marc:subfield code="p">37741100011613</marc:subfield><marc:subfield code="a">Library</marc:subfield><marc:subfield code="9">$0.00</marc:subfield><marc:subfield code="x">COPYID:667</marc:subfield><marc:subfield code="x">FSC@aRegular@c19960528</marc:subfield><marc:subfield code="h">975.526 S852 1992</marc:subfield><marc:subfield code="z">Exchange 1-93</marc:subfield></marc:datafield></marc:record>