
<marc:record><marc:leader>01009nam a2200241   4500</marc:leader>
<marc:controlfield tag="008">690512s1968    dcua     b    00010 eng  </marc:controlfield>
<marc:datafield tag="010" ind1=" " ind2=" "><marc:subfield code="a">   67060067</marc:subfield></marc:datafield><marc:datafield tag="040" ind1=" " ind2=" "><marc:subfield code="a">DLC</marc:subfield><marc:subfield code="c">DLC</marc:subfield><marc:subfield code="d">TxDaGIAL</marc:subfield></marc:datafield><marc:datafield tag="050" ind1="0" ind2=" "><marc:subfield code="a">GN1</marc:subfield><marc:subfield code="b">.S54 vol. 6</marc:subfield></marc:datafield><marc:datafield tag="082" ind1=" " ind2=" "><marc:subfield code="a">918.66/03</marc:subfield></marc:datafield><marc:datafield tag="100" ind1="1" ind2="0"><marc:subfield code="a">Evans, Clifford,</marc:subfield><marc:subfield code="d">1920-</marc:subfield></marc:datafield><marc:datafield tag="245" ind1="1" ind2="0"><marc:subfield code="a">Archeological investigations on the Rio Napo, eastern Ecuador /</marc:subfield><marc:subfield code="c">[by] Clifford Evans and Betty J. Meggers.</marc:subfield></marc:datafield><marc:datafield tag="260" ind1="0" ind2=" "><marc:subfield code="a">Washington :</marc:subfield><marc:subfield code="b">Smithsonian Institution Press; [for sale by the Supt. of Docs., U.S. Govt. Print. Off.],</marc:subfield><marc:subfield code="c">1968.</marc:subfield></marc:datafield><marc:datafield tag="300" ind1=" " ind2=" "><marc:subfield code="a">xvi, 127, [97] p. :</marc:subfield><marc:subfield code="b">illus. (part col.), maps. ;</marc:subfield><marc:subfield code="c">31 cm.</marc:subfield></marc:datafield><marc:datafield tag="440" ind1=" " ind2="0"><marc:subfield code="a">Smithsonian contributions to anthropology ;</marc:subfield><marc:subfield code="v">v. 6</marc:subfield></marc:datafield><marc:datafield tag="504" ind1=" " ind2=" "><marc:subfield code="a">Bibliography: p. 111-114.</marc:subfield></marc:datafield><marc:datafield tag="650" ind1=" " ind2="0"><marc:subfield code="a">Indians of South America</marc:subfield><marc:subfield code="z">Ecuador</marc:subfield><marc:subfield code="x">Antiquities.</marc:subfield></marc:datafield><marc:datafield tag="700" ind1="1" ind2="0"><marc:subfield code="a">Meggers, Betty Jane,</marc:subfield><marc:subfield code="e">joint author.</marc:subfield></marc:datafield><marc:datafield tag="035" ind1=" " ind2=" "><marc:subfield code="a">(TxDaGIAL)37741100011580</marc:subfield></marc:datafield><marc:controlfield tag="005">20080624154457.0</marc:controlfield><marc:controlfield tag="001">587</marc:controlfield><marc:controlfield tag="003">TxDaGIAL</marc:controlfield><marc:datafield tag="852" ind1=" " ind2=" "><marc:subfield code="p">37741100011580</marc:subfield><marc:subfield code="a">Library</marc:subfield><marc:subfield code="9">$0.00</marc:subfield><marc:subfield code="x">COPYID:668</marc:subfield><marc:subfield code="x">FSC@aRegular@c19960528</marc:subfield><marc:subfield code="h">918.66 E92 1968</marc:subfield><marc:subfield code="z">Exchange 2903</marc:subfield></marc:datafield></marc:record>