
<marc:record><marc:leader>01004nam a2200241 a 4500</marc:leader>
<marc:controlfield tag="008">970623s1954    dcu           000 0 eng d</marc:controlfield>
<marc:datafield tag="040" ind1=" " ind2=" "><marc:subfield code="a">TxDaGIAL</marc:subfield><marc:subfield code="c">TxDaGIAL</marc:subfield></marc:datafield><marc:datafield tag="043" ind1=" " ind2=" "><marc:subfield code="a">n-us---</marc:subfield></marc:datafield><marc:datafield tag="100" ind1="1" ind2=" "><marc:subfield code="a">Lehmer, Donald J.</marc:subfield><marc:subfield code="q">(Donald Jayne),</marc:subfield><marc:subfield code="d">1917-</marc:subfield></marc:datafield><marc:datafield tag="245" ind1="1" ind2="0"><marc:subfield code="a">Archeological investigations in the Oahe Dam Area, South Dakota, 1950-51 /</marc:subfield><marc:subfield code="c">by Donald J. Lehmer.</marc:subfield></marc:datafield><marc:datafield tag="246" ind1="1" ind2="3"><marc:subfield code="a">River Basin Surveys papers, No. 7</marc:subfield></marc:datafield><marc:datafield tag="260" ind1=" " ind2=" "><marc:subfield code="a">Washington, D. C. :</marc:subfield><marc:subfield code="b">Gov't. Print. Off.,</marc:subfield><marc:subfield code="c">1954.</marc:subfield></marc:datafield><marc:datafield tag="300" ind1=" " ind2=" "><marc:subfield code="a">xi, 190 p. :</marc:subfield><marc:subfield code="b">ill., plates ;</marc:subfield><marc:subfield code="c">24 cm.</marc:subfield></marc:datafield><marc:datafield tag="440" ind1=" " ind2="0"><marc:subfield code="a">Smithsonian institution</marc:subfield><marc:subfield code="p">Bureau of American Ethnology ;</marc:subfield><marc:subfield code="v">bulletin 158</marc:subfield></marc:datafield><marc:datafield tag="490" ind1="1" ind2=" "><marc:subfield code="a">River Basin Survey papers</marc:subfield></marc:datafield><marc:datafield tag="504" ind1=" " ind2=" "><marc:subfield code="a">Includes bibliographical references (p. 172-182).</marc:subfield></marc:datafield><marc:datafield tag="650" ind1=" " ind2="0"><marc:subfield code="a">Archaeology.</marc:subfield></marc:datafield><marc:datafield tag="710" ind1="2" ind2=" "><marc:subfield code="a">Smithsonian Institution.</marc:subfield><marc:subfield code="b">Bureau of American Ethnology.</marc:subfield><marc:subfield code="b">River Basin Survey.</marc:subfield></marc:datafield><marc:datafield tag="035" ind1=" " ind2=" "><marc:subfield code="a">(TxDaGIAL)37741100018578</marc:subfield></marc:datafield><marc:controlfield tag="005">20080624154458.0</marc:controlfield><marc:controlfield tag="001">590</marc:controlfield><marc:controlfield tag="003">TxDaGIAL</marc:controlfield><marc:datafield tag="852" ind1=" " ind2=" "><marc:subfield code="p">37741100018578</marc:subfield><marc:subfield code="a">Library</marc:subfield><marc:subfield code="x">COPYID:671</marc:subfield><marc:subfield code="x">FSC@aRegular@c19970523</marc:subfield><marc:subfield code="h">306.05 S664b 158 1954</marc:subfield><marc:subfield code="z">1362</marc:subfield></marc:datafield></marc:record>