
<marc:record><marc:leader>01101nam a2200277Ii 4500</marc:leader>
<marc:controlfield tag="008">740925 1957    dcu             0 0 eng u</marc:controlfield>
<marc:datafield tag="010" ind1=" " ind2=" "><marc:subfield code="a">   58060238</marc:subfield></marc:datafield><marc:datafield tag="035" ind1=" " ind2=" "><marc:subfield code="a">(CU-UC)694794</marc:subfield></marc:datafield><marc:datafield tag="040" ind1=" " ind2=" "><marc:subfield code="c">KEN</marc:subfield><marc:subfield code="d">m.c.</marc:subfield><marc:subfield code="d">RQA</marc:subfield></marc:datafield><marc:datafield tag="050" ind1="0" ind2=" "><marc:subfield code="a">E51</marc:subfield><marc:subfield code="b">.U6 no.167, 1957a</marc:subfield><marc:subfield code="a">F2546.M55 1957a</marc:subfield></marc:datafield><marc:datafield tag="100" ind1="1" ind2="0"><marc:subfield code="a">Meggers, Betty Jane.</marc:subfield></marc:datafield><marc:datafield tag="245" ind1="1" ind2="0"><marc:subfield code="a">Archeological investigations at the mouth of the Amazon /</marc:subfield><marc:subfield code="c">by Betty J. Meggers and Clifford Evans.</marc:subfield></marc:datafield><marc:datafield tag="260" ind1="0" ind2=" "><marc:subfield code="a">Washington :</marc:subfield><marc:subfield code="b">U.S. Govt. Print. Off.,</marc:subfield><marc:subfield code="c">1957.</marc:subfield></marc:datafield><marc:datafield tag="300" ind1=" " ind2=" "><marc:subfield code="a">xxviii, 664 p. :</marc:subfield><marc:subfield code="b">illus., 112 plates, fold. maps, tables. ;</marc:subfield><marc:subfield code="c">24 cm.</marc:subfield></marc:datafield><marc:datafield tag="440" ind1=" " ind2="0"><marc:subfield code="a">Smithsonian institution.</marc:subfield><marc:subfield code="p">Bureau of American Ethnology ;</marc:subfield><marc:subfield code="v">bulletin 167</marc:subfield></marc:datafield><marc:datafield tag="504" ind1=" " ind2=" "><marc:subfield code="a">Bibliography: 608-618.</marc:subfield></marc:datafield><marc:datafield tag="546" ind1=" " ind2=" "><marc:subfield code="a">English.</marc:subfield></marc:datafield><marc:datafield tag="650" ind1=" " ind2="0"><marc:subfield code="a">Indians of South America</marc:subfield><marc:subfield code="z">Brazil.</marc:subfield></marc:datafield><marc:datafield tag="651" ind1=" " ind2="0"><marc:subfield code="a">Maraj Island (Brazil)</marc:subfield><marc:subfield code="x">Antiquities.</marc:subfield></marc:datafield><marc:datafield tag="651" ind1=" " ind2="0"><marc:subfield code="a">Amap (Brazil : Territory)</marc:subfield><marc:subfield code="x">Antiquities.</marc:subfield></marc:datafield><marc:datafield tag="700" ind1="1" ind2="0"><marc:subfield code="a">Evans, Clifford,</marc:subfield><marc:subfield code="d">1920-</marc:subfield><marc:subfield code="e">joint author.</marc:subfield></marc:datafield><marc:datafield tag="035" ind1=" " ind2=" "><marc:subfield code="a">(TxDaGIAL)37741100018232</marc:subfield></marc:datafield><marc:controlfield tag="005">20080624154458.0</marc:controlfield><marc:controlfield tag="001">591</marc:controlfield><marc:controlfield tag="003">TxDaGIAL</marc:controlfield><marc:datafield tag="852" ind1=" " ind2=" "><marc:subfield code="p">37741100018232</marc:subfield><marc:subfield code="a">Library</marc:subfield><marc:subfield code="x">COPYID:672</marc:subfield><marc:subfield code="x">FSC@aRegular@c19970605</marc:subfield><marc:subfield code="h">306.05 S664b 167 1957</marc:subfield><marc:subfield code="z">1747</marc:subfield></marc:datafield></marc:record>