
<marc:record><marc:leader>00930nam a22002297a 4500</marc:leader>
<marc:controlfield tag="008">970724s1962    dcuabo        000 0 eng d</marc:controlfield>
<marc:datafield tag="040" ind1=" " ind2=" "><marc:subfield code="a">TxDaGIAL</marc:subfield><marc:subfield code="c">TxDaGIAL</marc:subfield></marc:datafield><marc:datafield tag="100" ind1="1" ind2=" "><marc:subfield code="a">Miller, Carl F.</marc:subfield></marc:datafield><marc:datafield tag="245" ind1="1" ind2="0"><marc:subfield code="a">Archeology of the John H. Kerr Reservoir Basin, Roanoke River Virginia-North Carolina /</marc:subfield><marc:subfield code="c">by Carl F. Miller.</marc:subfield></marc:datafield><marc:datafield tag="246" ind1="1" ind2="3"><marc:subfield code="a">River Basin Surveys papers, No. 25</marc:subfield></marc:datafield><marc:datafield tag="260" ind1=" " ind2=" "><marc:subfield code="a">Washington, D.C. :</marc:subfield><marc:subfield code="b">Gov't . Print. Off.,</marc:subfield><marc:subfield code="c">1962.</marc:subfield></marc:datafield><marc:datafield tag="300" ind1=" " ind2=" "><marc:subfield code="a">xvi, 447 p., 110 p. plates :</marc:subfield><marc:subfield code="b">ill., photos, maps ;</marc:subfield><marc:subfield code="c">24 cm.</marc:subfield></marc:datafield><marc:datafield tag="440" ind1=" " ind2="0"><marc:subfield code="a">Smithsonian institution.</marc:subfield><marc:subfield code="p">Bureau of American Ethnology ;</marc:subfield><marc:subfield code="v">bulletin 182</marc:subfield></marc:datafield><marc:datafield tag="500" ind1=" " ind2=" "><marc:subfield code="a">Includes index.</marc:subfield></marc:datafield><marc:datafield tag="504" ind1=" " ind2=" "><marc:subfield code="a">Bibliography: p. 313-327.</marc:subfield></marc:datafield><marc:datafield tag="546" ind1=" " ind2=" "><marc:subfield code="a">English.</marc:subfield></marc:datafield><marc:datafield tag="700" ind1="1" ind2="0"><marc:subfield code="a">Roberts, Frank H. H.</marc:subfield><marc:subfield code="q">(Frank Harold Hanna),</marc:subfield><marc:subfield code="d">1897-1966.</marc:subfield></marc:datafield><marc:datafield tag="035" ind1=" " ind2=" "><marc:subfield code="a">(TxDaGIAL)37741100019235</marc:subfield></marc:datafield><marc:controlfield tag="005">20080624154458.0</marc:controlfield><marc:controlfield tag="001">593</marc:controlfield><marc:controlfield tag="003">TxDaGIAL</marc:controlfield><marc:datafield tag="852" ind1=" " ind2=" "><marc:subfield code="p">37741100019235</marc:subfield><marc:subfield code="a">Library</marc:subfield><marc:subfield code="x">COPYID:674</marc:subfield><marc:subfield code="x">FSC@aRegular@c19970725</marc:subfield><marc:subfield code="h">306.05 S664b 182 1962</marc:subfield><marc:subfield code="z">2421</marc:subfield></marc:datafield></marc:record>