
<marc:record><marc:leader>00798nam a2200217 a 4500</marc:leader>
<marc:controlfield tag="008">970913s1986    inu           000 0 eng d</marc:controlfield>
<marc:datafield tag="040" ind1=" " ind2=" "><marc:subfield code="a">TxDaGIAL</marc:subfield><marc:subfield code="c">TxDaGIAL</marc:subfield></marc:datafield><marc:datafield tag="082" ind1="0" ind2="4"><marc:subfield code="a">234.61</marc:subfield><marc:subfield code="2">21</marc:subfield></marc:datafield><marc:datafield tag="100" ind1="1" ind2=" "><marc:subfield code="a">Jackson, Philip M.</marc:subfield></marc:datafield><marc:datafield tag="245" ind1="1" ind2="0"><marc:subfield code="a">Are Christians all wet? :</marc:subfield><marc:subfield code="b">a critical analysis of Christian baptism /</marc:subfield><marc:subfield code="c">Philip M. Jackson and Steve Parker; foreword by F.F. Bruce.</marc:subfield></marc:datafield><marc:datafield tag="260" ind1=" " ind2=" "><marc:subfield code="a">Greenwood, Ind. :</marc:subfield><marc:subfield code="b">Growth Publications,</marc:subfield><marc:subfield code="c">1986?.</marc:subfield></marc:datafield><marc:datafield tag="300" ind1=" " ind2=" "><marc:subfield code="a">171 p. ;</marc:subfield><marc:subfield code="c">28 cm.</marc:subfield></marc:datafield><marc:datafield tag="504" ind1=" " ind2=" "><marc:subfield code="a">Bibliography: p. 170-71.</marc:subfield></marc:datafield><marc:datafield tag="546" ind1=" " ind2=" "><marc:subfield code="a">English.</marc:subfield></marc:datafield><marc:datafield tag="650" ind1=" " ind2="0"><marc:subfield code="a">Baptism.</marc:subfield></marc:datafield><marc:datafield tag="700" ind1="1" ind2="0"><marc:subfield code="a">Parker, Stephen G.</marc:subfield><marc:subfield code="q">(Stephen George),</marc:subfield><marc:subfield code="d">1958-</marc:subfield></marc:datafield><marc:datafield tag="035" ind1=" " ind2=" "><marc:subfield code="a">(TxDaGIAL)37741100020393</marc:subfield></marc:datafield><marc:controlfield tag="005">20080624154459.0</marc:controlfield><marc:controlfield tag="001">596</marc:controlfield><marc:controlfield tag="003">TxDaGIAL</marc:controlfield><marc:datafield tag="852" ind1=" " ind2=" "><marc:subfield code="p">37741100020393</marc:subfield><marc:subfield code="a">Library</marc:subfield><marc:subfield code="x">COPYID:677</marc:subfield><marc:subfield code="x">FSC@aRegular@c19970819</marc:subfield><marc:subfield code="h">234.161 J13a 1986?</marc:subfield><marc:subfield code="z">S.G. Parker gift 3-88</marc:subfield></marc:datafield></marc:record>