
<marc:record><marc:leader>01104cam a2200301 i 4500</marc:leader>
<marc:controlfield tag="008">710127s1970    dcua     b   f00100 eng  </marc:controlfield>
<marc:datafield tag="010" ind1=" " ind2=" "><marc:subfield code="a">   79608713 //r873</marc:subfield></marc:datafield><marc:datafield tag="020" ind1=" " ind2=" "><marc:subfield code="c">$3.00</marc:subfield></marc:datafield><marc:datafield tag="040" ind1=" " ind2=" "><marc:subfield code="a">DLC</marc:subfield><marc:subfield code="c">DLC</marc:subfield><marc:subfield code="d">TxDaGIAL</marc:subfield></marc:datafield><marc:datafield tag="043" ind1=" " ind2=" "><marc:subfield code="a">nccr---</marc:subfield></marc:datafield><marc:datafield tag="050" ind1="0" ind2=" "><marc:subfield code="a">F1543</marc:subfield><marc:subfield code="b">.A85 1970</marc:subfield></marc:datafield><marc:datafield tag="082" ind1=" " ind2=" "><marc:subfield code="a">917.286/03/5</marc:subfield></marc:datafield><marc:datafield tag="245" ind1="0" ind2="0"><marc:subfield code="a">Area handbook for Costa Rica. /</marc:subfield><marc:subfield code="c">Co-authors: Howard I. Blutstein ... [et al.].</marc:subfield></marc:datafield><marc:datafield tag="260" ind1="0" ind2=" "><marc:subfield code="a">Washington :</marc:subfield><marc:subfield code="b">For sale by the Supt. of Docs., U.S. G.P.O.,</marc:subfield><marc:subfield code="c">1970.</marc:subfield></marc:datafield><marc:datafield tag="300" ind1=" " ind2=" "><marc:subfield code="a">xiv, 323 p. :</marc:subfield><marc:subfield code="b">ill., maps. ;</marc:subfield><marc:subfield code="c">24 cm.</marc:subfield></marc:datafield><marc:datafield tag="440" ind1=" " ind2="0"><marc:subfield code="a">Area handbook series</marc:subfield></marc:datafield><marc:datafield tag="440" ind1=" " ind2="0"><marc:subfield code="a">DA pam ;</marc:subfield><marc:subfield code="v">550-90</marc:subfield></marc:datafield><marc:datafield tag="500" ind1=" " ind2=" "><marc:subfield code="a">&quot;One of a series of handbooks prepared by Foreign Area Studies (FAS) of the American University.&quot;</marc:subfield></marc:datafield><marc:datafield tag="504" ind1=" " ind2=" "><marc:subfield code="a">Bibliography: p. 279-300.</marc:subfield></marc:datafield><marc:datafield tag="500" ind1=" " ind2=" "><marc:subfield code="a">Includes index.</marc:subfield></marc:datafield><marc:datafield tag="651" ind1=" " ind2="0"><marc:subfield code="a">Costa Rica.</marc:subfield></marc:datafield><marc:datafield tag="700" ind1="1" ind2="0"><marc:subfield code="a">Blutstein, Howard I.</marc:subfield></marc:datafield><marc:datafield tag="710" ind1="2" ind2="0"><marc:subfield code="a">American University (Washington, D.C.).</marc:subfield><marc:subfield code="b">Foreign Area Studies.</marc:subfield></marc:datafield><marc:datafield tag="035" ind1=" " ind2=" "><marc:subfield code="a">(TxDaGIAL)37741100008474</marc:subfield></marc:datafield><marc:controlfield tag="005">20080624154500.0</marc:controlfield><marc:controlfield tag="001">604</marc:controlfield><marc:controlfield tag="003">TxDaGIAL</marc:controlfield><marc:datafield tag="852" ind1=" " ind2=" "><marc:subfield code="p">37741100008474</marc:subfield><marc:subfield code="a">Library</marc:subfield><marc:subfield code="9">$3.00</marc:subfield><marc:subfield code="x">COPYID:685</marc:subfield><marc:subfield code="x">FSC@aRegular@c19950926</marc:subfield><marc:subfield code="h">972.86 A678 1970</marc:subfield><marc:subfield code="z">10033</marc:subfield></marc:datafield></marc:record>