
<marc:record><marc:leader>01214cam a2200313 i 4500</marc:leader>
<marc:controlfield tag="008">750227s1975    dcua     b   f00110 eng  </marc:controlfield>
<marc:datafield tag="010" ind1=" " ind2=" "><marc:subfield code="a">   75619051 //r83</marc:subfield></marc:datafield><marc:datafield tag="040" ind1=" " ind2=" "><marc:subfield code="a">DLC</marc:subfield><marc:subfield code="c">DLC</marc:subfield></marc:datafield><marc:datafield tag="043" ind1=" " ind2=" "><marc:subfield code="a">a-ii---</marc:subfield></marc:datafield><marc:datafield tag="050" ind1="0" ind2=" "><marc:subfield code="a">DS407</marc:subfield><marc:subfield code="b">.N95 1975</marc:subfield></marc:datafield><marc:datafield tag="082" ind1=" " ind2=" "><marc:subfield code="a">954.05</marc:subfield></marc:datafield><marc:datafield tag="100" ind1="1" ind2="0"><marc:subfield code="a">Nyrop, Richard F.</marc:subfield></marc:datafield><marc:datafield tag="245" ind1="1" ind2="0"><marc:subfield code="a">Area handbook for India /</marc:subfield><marc:subfield code="c">coauthors, Richard F. Nyrop ... [et al.].</marc:subfield></marc:datafield><marc:datafield tag="250" ind1=" " ind2=" "><marc:subfield code="a">3d ed.</marc:subfield></marc:datafield><marc:datafield tag="260" ind1="0" ind2=" "><marc:subfield code="a">Washington :</marc:subfield><marc:subfield code="b">For sale by the Supt. of Docs., U.S. Govt. Print. Off.,</marc:subfield><marc:subfield code="c">1975.</marc:subfield></marc:datafield><marc:datafield tag="300" ind1=" " ind2=" "><marc:subfield code="a">xvi, 648 p. :</marc:subfield><marc:subfield code="b">ill. ;</marc:subfield><marc:subfield code="c">24 cm.</marc:subfield></marc:datafield><marc:datafield tag="500" ind1=" " ind2=" "><marc:subfield code="a">&quot;This handbook supersedes DA Pam 550-21, May 1970.&quot;</marc:subfield></marc:datafield><marc:datafield tag="500" ind1=" " ind2=" "><marc:subfield code="a">&quot;One of a series of handbooks prepared by Foreign Area Studies (FAS) of the American University.&quot;</marc:subfield></marc:datafield><marc:datafield tag="500" ind1=" " ind2=" "><marc:subfield code="a">A revision of the 1970 ed. prepared under the chairmanship of Rinn-Sup Shinn.</marc:subfield></marc:datafield><marc:datafield tag="504" ind1=" " ind2=" "><marc:subfield code="a">Bibliography: p. 581-627.</marc:subfield></marc:datafield><marc:datafield tag="500" ind1=" " ind2=" "><marc:subfield code="a">Includes index.</marc:subfield></marc:datafield><marc:datafield tag="651" ind1=" " ind2="0"><marc:subfield code="a">India.</marc:subfield></marc:datafield><marc:datafield tag="700" ind1="1" ind2="1"><marc:subfield code="a">Shinn, Rinn-Sup.</marc:subfield><marc:subfield code="t">Area handbook for India.</marc:subfield></marc:datafield><marc:datafield tag="710" ind1="2" ind2="0"><marc:subfield code="a">American University (Washington, D.C.).</marc:subfield><marc:subfield code="b">Foreign Area Studies.</marc:subfield></marc:datafield><marc:datafield tag="035" ind1=" " ind2=" "><marc:subfield code="a">(TxDaGIAL)37741100007766</marc:subfield></marc:datafield><marc:controlfield tag="005">20080624154502.0</marc:controlfield><marc:controlfield tag="001">613</marc:controlfield><marc:controlfield tag="003">TxDaGIAL</marc:controlfield><marc:datafield tag="852" ind1=" " ind2=" "><marc:subfield code="p">37741100007766</marc:subfield><marc:subfield code="a">Library</marc:subfield><marc:subfield code="x">COPYID:695</marc:subfield><marc:subfield code="x">FSC@aRegular@c19950906</marc:subfield><marc:subfield code="h">954 A678 1975</marc:subfield><marc:subfield code="z">4670</marc:subfield></marc:datafield></marc:record>