
<marc:record><marc:leader>01029nam a2200253   4500</marc:leader>
<marc:controlfield tag="008">730720s1972    dcu      b   f00010 eng  </marc:controlfield>
<marc:datafield tag="010" ind1=" " ind2=" "><marc:subfield code="a">   72600188</marc:subfield></marc:datafield><marc:datafield tag="040" ind1=" " ind2=" "><marc:subfield code="a">DLC</marc:subfield><marc:subfield code="c">DLC</marc:subfield><marc:subfield code="d">TxDaGIAL</marc:subfield></marc:datafield><marc:datafield tag="043" ind1=" " ind2=" "><marc:subfield code="a">f-mu---</marc:subfield></marc:datafield><marc:datafield tag="050" ind1="0" ind2=" "><marc:subfield code="a">DT553.M2</marc:subfield><marc:subfield code="b">C87</marc:subfield></marc:datafield><marc:datafield tag="082" ind1=" " ind2=" "><marc:subfield code="a">916.61/03/5</marc:subfield></marc:datafield><marc:datafield tag="100" ind1="1" ind2="0"><marc:subfield code="a">Curran, Brian Dean.</marc:subfield></marc:datafield><marc:datafield tag="245" ind1="1" ind2="0"><marc:subfield code="a">Area handbook for Mauritania /</marc:subfield><marc:subfield code="c">Co-authors: Brian Dean Curran [and] Joann Schrock. Prepared for the American University by the American Institutes for Research. Research and writing were completed March 1972.</marc:subfield></marc:datafield><marc:datafield tag="260" ind1="0" ind2=" "><marc:subfield code="a">[Washington :</marc:subfield><marc:subfield code="b">For sale by the Supt. of Docs., U.S. Govt. Print. Off.],</marc:subfield><marc:subfield code="c">1972.</marc:subfield></marc:datafield><marc:datafield tag="300" ind1=" " ind2=" "><marc:subfield code="a">xiv, 185 p. :</marc:subfield><marc:subfield code="b">maps. ;</marc:subfield><marc:subfield code="c">25 cm.</marc:subfield></marc:datafield><marc:datafield tag="504" ind1=" " ind2=" "><marc:subfield code="a">Bibliography: p. 155-171.</marc:subfield></marc:datafield><marc:datafield tag="651" ind1=" " ind2="0"><marc:subfield code="a">Mauritania.</marc:subfield></marc:datafield><marc:datafield tag="700" ind1="1" ind2="0"><marc:subfield code="a">Schrock, Joann L.,</marc:subfield><marc:subfield code="e">joint author.</marc:subfield></marc:datafield><marc:datafield tag="710" ind1="2" ind2="0"><marc:subfield code="a">American Institute for Research in the Behavioral Sciences.</marc:subfield></marc:datafield><marc:datafield tag="035" ind1=" " ind2=" "><marc:subfield code="a">(TxDaGIAL)37741100008235</marc:subfield></marc:datafield><marc:controlfield tag="005">20080624154504.0</marc:controlfield><marc:controlfield tag="001">621</marc:controlfield><marc:controlfield tag="003">TxDaGIAL</marc:controlfield><marc:datafield tag="852" ind1=" " ind2=" "><marc:subfield code="p">37741100008235</marc:subfield><marc:subfield code="a">Library</marc:subfield><marc:subfield code="x">COPYID:703</marc:subfield><marc:subfield code="x">FSC@aRegular@c19950918</marc:subfield><marc:subfield code="h">966.1 A678 1972</marc:subfield><marc:subfield code="z">4923</marc:subfield></marc:datafield></marc:record>