
<marc:record><marc:leader>01242cam a2200301   4500</marc:leader>
<marc:controlfield tag="008">740225s1973    dcu      b   f00110 eng  </marc:controlfield>
<marc:datafield tag="010" ind1=" " ind2=" "><marc:subfield code="a">   73600139 //r852</marc:subfield></marc:datafield><marc:datafield tag="040" ind1=" " ind2=" "><marc:subfield code="a">DLC</marc:subfield><marc:subfield code="c">DLC</marc:subfield></marc:datafield><marc:datafield tag="043" ind1=" " ind2=" "><marc:subfield code="a">a-bt---</marc:subfield><marc:subfield code="a">a-np---</marc:subfield><marc:subfield code="a">a-sk---</marc:subfield></marc:datafield><marc:datafield tag="050" ind1="0" ind2=" "><marc:subfield code="a">DS493.4</marc:subfield><marc:subfield code="b">.H37 1973</marc:subfield></marc:datafield><marc:datafield tag="082" ind1=" " ind2=" "><marc:subfield code="a">915.49/6/035</marc:subfield></marc:datafield><marc:datafield tag="100" ind1="1" ind2="0"><marc:subfield code="a">Harris, George Lawrence,</marc:subfield><marc:subfield code="d">1910-</marc:subfield></marc:datafield><marc:datafield tag="245" ind1="1" ind2="0"><marc:subfield code="a">Area handbook for Nepal, Bhutan, and Sikkim /</marc:subfield><marc:subfield code="c">Co-authors: George L. Harris [and others].</marc:subfield></marc:datafield><marc:datafield tag="250" ind1=" " ind2=" "><marc:subfield code="a">2d ed.</marc:subfield></marc:datafield><marc:datafield tag="260" ind1="0" ind2=" "><marc:subfield code="a">[Washington :</marc:subfield><marc:subfield code="b">for sale by the Supt. of Docs., U.S. Govt. Print. Off.],</marc:subfield><marc:subfield code="c">1973.</marc:subfield></marc:datafield><marc:datafield tag="300" ind1=" " ind2=" "><marc:subfield code="a">lxxx, 431 p. :</marc:subfield><marc:subfield code="b">maps ;</marc:subfield><marc:subfield code="c">25 cm.</marc:subfield></marc:datafield><marc:datafield tag="500" ind1=" " ind2=" "><marc:subfield code="a">&quot;DA Pam 550-35.&quot;</marc:subfield></marc:datafield><marc:datafield tag="500" ind1=" " ind2=" "><marc:subfield code="a">First ed., by Foreign Area Studies Division, American University, Washington, D.C., published in 1964 under title: Area handbook for Nepal (with Sikkim and Bhutan)</marc:subfield></marc:datafield><marc:datafield tag="504" ind1=" " ind2=" "><marc:subfield code="a">Includes bibliographies.</marc:subfield></marc:datafield><marc:datafield tag="651" ind1=" " ind2="0"><marc:subfield code="a">Nepal.</marc:subfield></marc:datafield><marc:datafield tag="651" ind1=" " ind2="0"><marc:subfield code="a">Sikkim (India)</marc:subfield></marc:datafield><marc:datafield tag="651" ind1=" " ind2="0"><marc:subfield code="a">Bhutan.</marc:subfield></marc:datafield><marc:datafield tag="710" ind1="2" ind2="1"><marc:subfield code="a">American University (Washington, D.C.).</marc:subfield><marc:subfield code="b">Foreign Areas Studies Division.</marc:subfield><marc:subfield code="t">Area Handbook for Nepal (with Sikkim and Bhutan)</marc:subfield></marc:datafield><marc:datafield tag="035" ind1=" " ind2=" "><marc:subfield code="a">(TxDaGIAL)37741100007749</marc:subfield></marc:datafield><marc:controlfield tag="005">20080624154504.0</marc:controlfield><marc:controlfield tag="001">623</marc:controlfield><marc:controlfield tag="003">TxDaGIAL</marc:controlfield><marc:datafield tag="852" ind1=" " ind2=" "><marc:subfield code="p">37741100007749</marc:subfield><marc:subfield code="a">Library</marc:subfield><marc:subfield code="x">COPYID:706</marc:subfield><marc:subfield code="x">FSC@aRegular@c19950906</marc:subfield><marc:subfield code="h">954.96 A678 1973</marc:subfield><marc:subfield code="z">4929</marc:subfield></marc:datafield></marc:record>