
<marc:record><marc:leader>01175cam a2200289   4500</marc:leader>
<marc:controlfield tag="008">730814r1973    dcua     b    00110 eng  </marc:controlfield>
<marc:datafield tag="010" ind1=" " ind2=" "><marc:subfield code="a">   72600260 //r83</marc:subfield></marc:datafield><marc:datafield tag="040" ind1=" " ind2=" "><marc:subfield code="a">DLC</marc:subfield><marc:subfield code="c">DLC</marc:subfield></marc:datafield><marc:datafield tag="043" ind1=" " ind2=" "><marc:subfield code="a">f-sj---</marc:subfield></marc:datafield><marc:datafield tag="050" ind1="0" ind2=" "><marc:subfield code="a">DT121</marc:subfield><marc:subfield code="b">.N44</marc:subfield></marc:datafield><marc:datafield tag="082" ind1=" " ind2=" "><marc:subfield code="a">916.24/03/4</marc:subfield></marc:datafield><marc:datafield tag="086" ind1=" " ind2=" "><marc:subfield code="a">D 101.22:550-27/2</marc:subfield></marc:datafield><marc:datafield tag="100" ind1="1" ind2="0"><marc:subfield code="a">Nelson, Harold D.</marc:subfield></marc:datafield><marc:datafield tag="245" ind1="1" ind2="0"><marc:subfield code="a">Area handbook for the Democratic Republic of Sudan. /</marc:subfield><marc:subfield code="c">Co-authors: Harold D. Nelson [and others.</marc:subfield></marc:datafield><marc:datafield tag="260" ind1="0" ind2=" "><marc:subfield code="a">Washington :</marc:subfield><marc:subfield code="b">For sale by the Supt. of Docs., U.S. Govt. Print. Off.],</marc:subfield><marc:subfield code="c">1973.</marc:subfield></marc:datafield><marc:datafield tag="300" ind1=" " ind2=" "><marc:subfield code="a">xiv, 351 p. :</marc:subfield><marc:subfield code="b">illus. ;</marc:subfield><marc:subfield code="c">25 cm.</marc:subfield></marc:datafield><marc:datafield tag="350" ind1=" " ind2=" "><marc:subfield code="a">$4.50.</marc:subfield></marc:datafield><marc:datafield tag="500" ind1=" " ind2=" "><marc:subfield code="a">&quot;DA Pam 550-27.&quot;</marc:subfield></marc:datafield><marc:datafield tag="500" ind1=" " ind2=" "><marc:subfield code="a">Revision of the 1960 ed., issued by the Foreign Areas Studies Division of the American University under title: Area handbook for the Republic of the Sudan.</marc:subfield></marc:datafield><marc:datafield tag="504" ind1=" " ind2=" "><marc:subfield code="a">Bibliography: p. 317-333.</marc:subfield></marc:datafield><marc:datafield tag="651" ind1=" " ind2="0"><marc:subfield code="a">Sudan.</marc:subfield></marc:datafield><marc:datafield tag="710" ind1="2" ind2="1"><marc:subfield code="a">American University (Washington, D.C.).</marc:subfield><marc:subfield code="b">Foreign Areas Studies Division.</marc:subfield><marc:subfield code="t">Area handbook for the Republic of the Sudan.</marc:subfield></marc:datafield><marc:datafield tag="035" ind1=" " ind2=" "><marc:subfield code="a">(TxDaGIAL)37741100008206</marc:subfield></marc:datafield><marc:controlfield tag="005">20080624154507.0</marc:controlfield><marc:controlfield tag="001">634</marc:controlfield><marc:controlfield tag="003">TxDaGIAL</marc:controlfield><marc:datafield tag="852" ind1=" " ind2=" "><marc:subfield code="p">37741100008206</marc:subfield><marc:subfield code="a">Library</marc:subfield><marc:subfield code="x">COPYID:717</marc:subfield><marc:subfield code="x">FSC@aRegular@c19950915</marc:subfield><marc:subfield code="h">962.4 A678 1973</marc:subfield><marc:subfield code="z">4573</marc:subfield></marc:datafield></marc:record>