
<marc:record><marc:leader>01424cam a2200325 i 4500</marc:leader>
<marc:controlfield tag="008">741121s1973    dcua     b   f00110 eng  </marc:controlfield>
<marc:datafield tag="010" ind1=" " ind2=" "><marc:subfield code="a">   72600290 //r854</marc:subfield></marc:datafield><marc:datafield tag="020" ind1=" " ind2=" "><marc:subfield code="c">$4.10</marc:subfield></marc:datafield><marc:datafield tag="040" ind1=" " ind2=" "><marc:subfield code="a">DLC</marc:subfield><marc:subfield code="c">DLC</marc:subfield></marc:datafield><marc:datafield tag="043" ind1=" " ind2=" "><marc:subfield code="a">a-cb---</marc:subfield></marc:datafield><marc:datafield tag="050" ind1="0" ind2=" "><marc:subfield code="a">DS554.3</marc:subfield><marc:subfield code="b">.W46 1973</marc:subfield></marc:datafield><marc:datafield tag="082" ind1=" " ind2=" "><marc:subfield code="a">915.96/03/4</marc:subfield></marc:datafield><marc:datafield tag="100" ind1="1" ind2="0"><marc:subfield code="a">Whitaker, Donald P.</marc:subfield></marc:datafield><marc:datafield tag="245" ind1="1" ind2="0"><marc:subfield code="a">Area handbook for the Khmer Republic (Cambodia) /</marc:subfield><marc:subfield code="c">co-authors, Donald P. Whitaker ... [et al.].</marc:subfield></marc:datafield><marc:datafield tag="260" ind1="0" ind2=" "><marc:subfield code="a">Washington :</marc:subfield><marc:subfield code="b">For sale by the Supt. of Docs., U.S. Govt. Print. Off.,</marc:subfield><marc:subfield code="c">1973.</marc:subfield></marc:datafield><marc:datafield tag="300" ind1=" " ind2=" "><marc:subfield code="a">xiv, 389 p. :</marc:subfield><marc:subfield code="b">ill. ;</marc:subfield><marc:subfield code="c">25 cm.</marc:subfield></marc:datafield><marc:datafield tag="500" ind1=" " ind2=" "><marc:subfield code="a">&quot;DA Pam 550-50.&quot;</marc:subfield></marc:datafield><marc:datafield tag="500" ind1=" " ind2=" "><marc:subfield code="a">&quot;Supersedes DA Pam 550-50, October 1968.&quot;</marc:subfield></marc:datafield><marc:datafield tag="500" ind1=" " ind2=" "><marc:subfield code="a">&quot;One of a series of handbooks prepared by Foreign Area Studies (FAS) of the American University.&quot;</marc:subfield></marc:datafield><marc:datafield tag="500" ind1=" " ind2=" "><marc:subfield code="a">First issued in 1956 by the Foreign Areas Studies Division of the American University, Washington, D.C. under title: U.S. Army area handbook for Cambodia.</marc:subfield></marc:datafield><marc:datafield tag="504" ind1=" " ind2=" "><marc:subfield code="a">Bibliography: p. 337-374.</marc:subfield></marc:datafield><marc:datafield tag="500" ind1=" " ind2=" "><marc:subfield code="a">Includes index.</marc:subfield></marc:datafield><marc:datafield tag="651" ind1=" " ind2="0"><marc:subfield code="a">Cambodia.</marc:subfield></marc:datafield><marc:datafield tag="710" ind1="2" ind2="1"><marc:subfield code="a">American University (Washington, D.C.).</marc:subfield><marc:subfield code="b">Foreign Areas Studies Division.</marc:subfield><marc:subfield code="t">U.S. Army area handbook for Cambodia.</marc:subfield></marc:datafield><marc:datafield tag="710" ind1="2" ind2="0"><marc:subfield code="a">American University (Washington, D.C.).</marc:subfield><marc:subfield code="b">Foreign Area Studies.</marc:subfield></marc:datafield><marc:datafield tag="035" ind1=" " ind2=" "><marc:subfield code="a">(TxDaGIAL)37741100007869</marc:subfield></marc:datafield><marc:controlfield tag="005">20080624154507.0</marc:controlfield><marc:controlfield tag="001">638</marc:controlfield><marc:controlfield tag="003">TxDaGIAL</marc:controlfield><marc:datafield tag="852" ind1=" " ind2=" "><marc:subfield code="p">37741100007869</marc:subfield><marc:subfield code="a">Library</marc:subfield><marc:subfield code="x">COPYID:721</marc:subfield><marc:subfield code="x">FSC@aRegular@c19950911</marc:subfield><marc:subfield code="h">959.6 A678 1973</marc:subfield><marc:subfield code="z">4933</marc:subfield></marc:datafield></marc:record>