
<marc:record><marc:leader>01311cam a2200325 i 4500</marc:leader>
<marc:controlfield tag="008">760622s1976    dcua     b    00110 eng  </marc:controlfield>
<marc:datafield tag="010" ind1=" " ind2=" "><marc:subfield code="a">   76022732 //r862</marc:subfield></marc:datafield><marc:datafield tag="040" ind1=" " ind2=" "><marc:subfield code="a">DLC</marc:subfield><marc:subfield code="c">DLC</marc:subfield><marc:subfield code="d">TxDaGIAL</marc:subfield></marc:datafield><marc:datafield tag="043" ind1=" " ind2=" "><marc:subfield code="a">a-ph---</marc:subfield></marc:datafield><marc:datafield tag="050" ind1="0" ind2=" "><marc:subfield code="a">DS655</marc:subfield><marc:subfield code="b">.V73 1976</marc:subfield></marc:datafield><marc:datafield tag="082" ind1=" " ind2=" "><marc:subfield code="a">959.9/04</marc:subfield></marc:datafield><marc:datafield tag="100" ind1="1" ind2="0"><marc:subfield code="a">Vreeland, Nena,</marc:subfield><marc:subfield code="d">1934-</marc:subfield></marc:datafield><marc:datafield tag="245" ind1="1" ind2="0"><marc:subfield code="a">Area handbook for the Philippines /</marc:subfield><marc:subfield code="c">coauthors, Nena Vreeland ... [et al.].</marc:subfield></marc:datafield><marc:datafield tag="250" ind1=" " ind2=" "><marc:subfield code="a">2nd ed.</marc:subfield></marc:datafield><marc:datafield tag="260" ind1="0" ind2=" "><marc:subfield code="a">Washington :</marc:subfield><marc:subfield code="b">For sale by the Supt. of Docs., U.S. Govt. Print. Off.,</marc:subfield><marc:subfield code="c">1976.</marc:subfield></marc:datafield><marc:datafield tag="300" ind1=" " ind2=" "><marc:subfield code="a">xiv, 458 p. :</marc:subfield><marc:subfield code="b">ill., maps ;</marc:subfield><marc:subfield code="c">24 cm.</marc:subfield></marc:datafield><marc:datafield tag="500" ind1=" " ind2=" "><marc:subfield code="a">&quot;DA pam 550-72.&quot;</marc:subfield></marc:datafield><marc:datafield tag="500" ind1=" " ind2=" "><marc:subfield code="a">&quot;One of a series of handbooks prepared by Foreign Area Studies (FAS) of the American University.&quot;</marc:subfield></marc:datafield><marc:datafield tag="500" ind1=" " ind2=" "><marc:subfield code="a">Supersedes 1969 ed. prepared by F. H. Chaffee et al.</marc:subfield></marc:datafield><marc:datafield tag="504" ind1=" " ind2=" "><marc:subfield code="a">Bibliography: p. 393-437.</marc:subfield></marc:datafield><marc:datafield tag="500" ind1=" " ind2=" "><marc:subfield code="a">Includes index.</marc:subfield></marc:datafield><marc:datafield tag="651" ind1=" " ind2="0"><marc:subfield code="a">Philippines.</marc:subfield></marc:datafield><marc:datafield tag="700" ind1="1" ind2="1"><marc:subfield code="a">Chaffee, Frederic H.</marc:subfield><marc:subfield code="t">Area handbook for the Philippines.</marc:subfield></marc:datafield><marc:datafield tag="710" ind1="2" ind2="0"><marc:subfield code="a">American University (Washington, D.C.).</marc:subfield><marc:subfield code="b">Foreign Area Studies.</marc:subfield></marc:datafield><marc:datafield tag="035" ind1=" " ind2=" "><marc:subfield code="a">(TxDaGIAL)37741100008182</marc:subfield></marc:datafield><marc:controlfield tag="005">20080624154508.0</marc:controlfield><marc:controlfield tag="001">641</marc:controlfield><marc:controlfield tag="003">TxDaGIAL</marc:controlfield><marc:datafield tag="852" ind1=" " ind2=" "><marc:subfield code="p">37741100008182</marc:subfield><marc:subfield code="a">Library</marc:subfield><marc:subfield code="x">COPYID:724</marc:subfield><marc:subfield code="x">FSC@aRegular@c19950915</marc:subfield><marc:subfield code="h">959.904 A678 1976</marc:subfield><marc:subfield code="z">4671</marc:subfield></marc:datafield><marc:datafield tag="852" ind1=" " ind2=" "><marc:subfield code="p">37741100008183</marc:subfield><marc:subfield code="a">Library</marc:subfield><marc:subfield code="x">COPYID:725</marc:subfield><marc:subfield code="x">FSC@aRegular@c19950915</marc:subfield><marc:subfield code="h">959.904 A678 1976</marc:subfield><marc:subfield code="z">5634</marc:subfield></marc:datafield></marc:record>