
<marc:record><marc:leader>01075cam a2200277   4500</marc:leader>
<marc:controlfield tag="008">710809s1971    dcua     b    00110 eng  </marc:controlfield>
<marc:datafield tag="010" ind1=" " ind2=" "><marc:subfield code="a">   71609246 //r862</marc:subfield></marc:datafield><marc:datafield tag="040" ind1=" " ind2=" "><marc:subfield code="a">DLC</marc:subfield><marc:subfield code="c">DLC</marc:subfield></marc:datafield><marc:datafield tag="043" ind1=" " ind2=" "><marc:subfield code="a">e-ur---</marc:subfield></marc:datafield><marc:datafield tag="050" ind1="1" ind2=" "><marc:subfield code="a">DK18</marc:subfield><marc:subfield code="b">.K43</marc:subfield></marc:datafield><marc:datafield tag="082" ind1=" " ind2=" "><marc:subfield code="a">914.7/03/85</marc:subfield></marc:datafield><marc:datafield tag="086" ind1=" " ind2=" "><marc:subfield code="a">D 101.22:550-95</marc:subfield></marc:datafield><marc:datafield tag="100" ind1="1" ind2="0"><marc:subfield code="a">Keefe, Eugene K.</marc:subfield></marc:datafield><marc:datafield tag="245" ind1="1" ind2="0"><marc:subfield code="a">Area handbook for the Soviet Union /</marc:subfield><marc:subfield code="c">Co-authors: Eugene K. Keefe [and others.</marc:subfield></marc:datafield><marc:datafield tag="260" ind1="0" ind2=" "><marc:subfield code="a">Washington :</marc:subfield><marc:subfield code="b">For sale by the Supt. of Docs., U.S. Govt. Print. Off.],</marc:subfield><marc:subfield code="c">1971.</marc:subfield></marc:datafield><marc:datafield tag="300" ind1=" " ind2=" "><marc:subfield code="a">xviii, 827 p. :</marc:subfield><marc:subfield code="b">illus., maps. ;</marc:subfield><marc:subfield code="c">24 cm.</marc:subfield></marc:datafield><marc:datafield tag="500" ind1=" " ind2=" "><marc:subfield code="a">&quot;DA pam 550-95.&quot;</marc:subfield></marc:datafield><marc:datafield tag="500" ind1=" " ind2=" "><marc:subfield code="a">&quot;One of a series of handbooks prepared by Foreign Area Studies (FAS) of the American University.&quot;</marc:subfield></marc:datafield><marc:datafield tag="504" ind1=" " ind2=" "><marc:subfield code="a">Bibliography: p. 763-805.</marc:subfield></marc:datafield><marc:datafield tag="651" ind1=" " ind2="0"><marc:subfield code="a">Soviet Union.</marc:subfield></marc:datafield><marc:datafield tag="710" ind1="2" ind2="0"><marc:subfield code="a">American University (Washington, D.C.).</marc:subfield><marc:subfield code="b">Foreign Area Studies.</marc:subfield></marc:datafield><marc:datafield tag="035" ind1=" " ind2=" "><marc:subfield code="a">(TxDaGIAL)37741100012901</marc:subfield></marc:datafield><marc:controlfield tag="005">20080624154508.0</marc:controlfield><marc:controlfield tag="001">643</marc:controlfield><marc:controlfield tag="003">TxDaGIAL</marc:controlfield><marc:datafield tag="852" ind1=" " ind2=" "><marc:subfield code="p">37741100012901</marc:subfield><marc:subfield code="a">Library</marc:subfield><marc:subfield code="b">Kenneth L. Pike Coll</marc:subfield><marc:subfield code="9">$0.00</marc:subfield><marc:subfield code="x">COPYID:727</marc:subfield><marc:subfield code="x">FSC@aRegular@c19971128</marc:subfield><marc:subfield code="h">947 A678 1971</marc:subfield><marc:subfield code="z">K.L. Pike gift 3-95</marc:subfield></marc:datafield></marc:record>