
<marc:record><marc:leader>01076pam a2200265 i 4500</marc:leader>
<marc:controlfield tag="008">750623s1976    ne       b    00010 eng  </marc:controlfield>
<marc:datafield tag="010" ind1=" " ind2=" "><marc:subfield code="a">   75020258</marc:subfield></marc:datafield><marc:datafield tag="020" ind1=" " ind2=" "><marc:subfield code="a">0444110461.</marc:subfield><marc:subfield code="a">0444109110</marc:subfield><marc:subfield code="b">pbk. (American Elsevier)</marc:subfield></marc:datafield><marc:datafield tag="040" ind1=" " ind2=" "><marc:subfield code="a">DLC</marc:subfield><marc:subfield code="c">DLC</marc:subfield><marc:subfield code="d">TxDaGIAL</marc:subfield></marc:datafield><marc:datafield tag="043" ind1=" " ind2=" "><marc:subfield code="a">n------</marc:subfield></marc:datafield><marc:datafield tag="050" ind1="0" ind2=" "><marc:subfield code="a">PM206</marc:subfield><marc:subfield code="b">.S5 1976</marc:subfield></marc:datafield><marc:datafield tag="082" ind1=" " ind2=" "><marc:subfield code="a">497</marc:subfield></marc:datafield><marc:datafield tag="100" ind1="1" ind2="0"><marc:subfield code="a">Sherzer, Joel.</marc:subfield></marc:datafield><marc:datafield tag="245" ind1="1" ind2="3"><marc:subfield code="a">An areal-typological study of American Indian languages north of Mexico /</marc:subfield><marc:subfield code="c">Joel Sherzer.</marc:subfield></marc:datafield><marc:datafield tag="260" ind1="0" ind2=" "><marc:subfield code="a">Amsterdam :</marc:subfield><marc:subfield code="b">North-Holland Pub. Co. ;</marc:subfield><marc:subfield code="a">New York :</marc:subfield><marc:subfield code="b">sole distributors for the U.S.A. and Canada, American Elsevier Pub. Co.,</marc:subfield><marc:subfield code="c">1976.</marc:subfield></marc:datafield><marc:datafield tag="300" ind1=" " ind2=" "><marc:subfield code="a">xiv, 284 p. , [6] leaves of plates :</marc:subfield><marc:subfield code="b">maps ;</marc:subfield><marc:subfield code="c">23 cm.</marc:subfield></marc:datafield><marc:datafield tag="490" ind1="0" ind2=" "><marc:subfield code="a">North-Holland linguistic series ; 20</marc:subfield></marc:datafield><marc:datafield tag="500" ind1=" " ind2=" "><marc:subfield code="a">A revision of the author's thesis, University of Pennsylvania, 1968.</marc:subfield></marc:datafield><marc:datafield tag="504" ind1=" " ind2=" "><marc:subfield code="a">Bibliography: p. [264]-284.</marc:subfield></marc:datafield><marc:datafield tag="650" ind1=" " ind2="0"><marc:subfield code="a">Indians of North America</marc:subfield><marc:subfield code="x">Languages.</marc:subfield></marc:datafield><marc:datafield tag="035" ind1=" " ind2=" "><marc:subfield code="a">(TxDaGIAL)37741100007205</marc:subfield></marc:datafield><marc:controlfield tag="005">20080624154510.0</marc:controlfield><marc:controlfield tag="001">648</marc:controlfield><marc:controlfield tag="003">TxDaGIAL</marc:controlfield><marc:datafield tag="852" ind1=" " ind2=" "><marc:subfield code="p">37741100007205</marc:subfield><marc:subfield code="a">Library</marc:subfield><marc:subfield code="x">COPYID:733</marc:subfield><marc:subfield code="x">FSC@aRegular@c19950823</marc:subfield><marc:subfield code="h">497 S326a 1976</marc:subfield><marc:subfield code="z">4743</marc:subfield></marc:datafield></marc:record>