
<marc:record><marc:leader>01523nam a2200325 a 4500</marc:leader>
<marc:controlfield tag="008">921116r19501922nyuabf   b    00110 eng d</marc:controlfield>
<marc:datafield tag="035" ind1=" " ind2=" "><marc:subfield code="a">(CU-UC)3295790</marc:subfield></marc:datafield><marc:datafield tag="040" ind1=" " ind2=" "><marc:subfield code="a">NNU</marc:subfield><marc:subfield code="c">NNU</marc:subfield></marc:datafield><marc:datafield tag="043" ind1=" " ind2=" "><marc:subfield code="a">a-pp---</marc:subfield></marc:datafield><marc:datafield tag="100" ind1="1" ind2=" "><marc:subfield code="a">Malinowski, Bronislaw,</marc:subfield><marc:subfield code="d">1884-1942.</marc:subfield></marc:datafield><marc:datafield tag="245" ind1="1" ind2="0"><marc:subfield code="a">Argonauts of the western Pacific :</marc:subfield><marc:subfield code="b">an account of native enterprise and adventure in the archipelagoes of Melanesian New Guinea /</marc:subfield><marc:subfield code="c">by Bronislaw Malinowski ; with a preface by Sir James George Frazer.</marc:subfield></marc:datafield><marc:datafield tag="260" ind1=" " ind2=" "><marc:subfield code="a">New York :</marc:subfield><marc:subfield code="b">Dutton,</marc:subfield><marc:subfield code="c">1950.</marc:subfield></marc:datafield><marc:datafield tag="300" ind1=" " ind2=" "><marc:subfield code="a">xxxi, 527 p, [64] p. of plates :</marc:subfield><marc:subfield code="b">ill., maps ;</marc:subfield><marc:subfield code="c">25 cm.</marc:subfield></marc:datafield><marc:datafield tag="490" ind1="1" ind2=" "><marc:subfield code="a">Studies in economics and political science ;</marc:subfield><marc:subfield code="v">no. 65</marc:subfield></marc:datafield><marc:datafield tag="500" ind1=" " ind2=" "><marc:subfield code="a">&quot;Robert Mond Expedition to New Guinea, 1914-1918&quot;--Half title p.</marc:subfield></marc:datafield><marc:datafield tag="504" ind1=" " ind2=" "><marc:subfield code="a">Includes bibliographical references and index.</marc:subfield></marc:datafield><marc:datafield tag="534" ind1=" " ind2=" "><marc:subfield code="p">Reprint. Originally published:</marc:subfield><marc:subfield code="c">London : G. Routledge ; New York : Dutton, 1922.</marc:subfield></marc:datafield><marc:datafield tag="546" ind1=" " ind2=" "><marc:subfield code="a">English.</marc:subfield></marc:datafield><marc:datafield tag="650" ind1=" " ind2="0"><marc:subfield code="a">Ethnology</marc:subfield><marc:subfield code="z">Papua New Guinea</marc:subfield><marc:subfield code="z">Trobriand Islands.</marc:subfield></marc:datafield><marc:datafield tag="650" ind1=" " ind2="0"><marc:subfield code="a">Barter</marc:subfield><marc:subfield code="z">Papua New Guinea</marc:subfield><marc:subfield code="z">Trobriand Islands.</marc:subfield></marc:datafield><marc:datafield tag="650" ind1=" " ind2="0"><marc:subfield code="a">Folklore</marc:subfield><marc:subfield code="z">Papua New Guinea</marc:subfield><marc:subfield code="z">Trobriand Islands.</marc:subfield></marc:datafield><marc:datafield tag="650" ind1=" " ind2="0"><marc:subfield code="a">Magic</marc:subfield><marc:subfield code="z">Papua New Guinea</marc:subfield><marc:subfield code="z">Trobriand Islands.</marc:subfield></marc:datafield><marc:datafield tag="651" ind1=" " ind2="0"><marc:subfield code="a">Trobriand Islands (Papua New Guinea)</marc:subfield></marc:datafield><marc:datafield tag="711" ind1="2" ind2="0"><marc:subfield code="a">Robert Mond Expedition to New Guinea</marc:subfield><marc:subfield code="d">(1914-1918)</marc:subfield></marc:datafield><marc:datafield tag="830" ind1=" " ind2="0"><marc:subfield code="a">Studies in economics and political science ;</marc:subfield><marc:subfield code="v">no. 65.</marc:subfield></marc:datafield><marc:datafield tag="035" ind1=" " ind2=" "><marc:subfield code="a">(TxDaGIAL)37741100016946</marc:subfield></marc:datafield><marc:controlfield tag="005">20080624154510.0</marc:controlfield><marc:controlfield tag="001">649</marc:controlfield><marc:controlfield tag="003">TxDaGIAL</marc:controlfield><marc:datafield tag="852" ind1=" " ind2=" "><marc:subfield code="p">37741100016946</marc:subfield><marc:subfield code="a">Library</marc:subfield><marc:subfield code="x">COPYID:734</marc:subfield><marc:subfield code="x">FSC@aRegular@c19970422</marc:subfield><marc:subfield code="h">305.899541 M251a 1950</marc:subfield><marc:subfield code="z">397</marc:subfield></marc:datafield></marc:record>