
<marc:record><marc:leader>01068cam a2200277 a 4500</marc:leader>
<marc:controlfield tag="008">891128s1990    maua     b    00110 eng  </marc:controlfield>
<marc:datafield tag="010" ind1=" " ind2=" "><marc:subfield code="a">   89013972</marc:subfield></marc:datafield><marc:datafield tag="020" ind1=" " ind2=" "><marc:subfield code="a">0262071258 (HB)</marc:subfield></marc:datafield><marc:datafield tag="020" ind1=" " ind2=" "><marc:subfield code="a">0262570904 (PB)</marc:subfield></marc:datafield><marc:datafield tag="040" ind1=" " ind2=" "><marc:subfield code="a">DLC</marc:subfield><marc:subfield code="c">DLC</marc:subfield><marc:subfield code="d">DLC</marc:subfield><marc:subfield code="d">TxDaGIAL</marc:subfield></marc:datafield><marc:datafield tag="050" ind1="0" ind2="0"><marc:subfield code="a">P295</marc:subfield><marc:subfield code="b">.G68 1990</marc:subfield></marc:datafield><marc:datafield tag="082" ind1="0" ind2="0"><marc:subfield code="a">415</marc:subfield><marc:subfield code="2">20</marc:subfield></marc:datafield><marc:datafield tag="100" ind1="1" ind2="0"><marc:subfield code="a">Grimshaw, Jane B.</marc:subfield><marc:subfield code="q">(Jane Barbara),</marc:subfield><marc:subfield code="d">1951-</marc:subfield></marc:datafield><marc:datafield tag="245" ind1="1" ind2="0"><marc:subfield code="a">Argument structure /</marc:subfield><marc:subfield code="c">Jane Grimshaw.</marc:subfield></marc:datafield><marc:datafield tag="260" ind1="0" ind2=" "><marc:subfield code="a">Cambridge, Mass. :</marc:subfield><marc:subfield code="b">MIT Press,</marc:subfield><marc:subfield code="c">c1990.</marc:subfield></marc:datafield><marc:datafield tag="300" ind1=" " ind2=" "><marc:subfield code="a">x, 202 p. :</marc:subfield><marc:subfield code="b">ill. ;</marc:subfield><marc:subfield code="c">24 cm.</marc:subfield></marc:datafield><marc:datafield tag="440" ind1=" " ind2="0"><marc:subfield code="a">Linguistic inquiry monographs ;</marc:subfield><marc:subfield code="v">18</marc:subfield></marc:datafield><marc:datafield tag="504" ind1=" " ind2=" "><marc:subfield code="a">Includes bibliographical references (p. [187]-197) and index.</marc:subfield></marc:datafield><marc:datafield tag="650" ind1=" " ind2="0"><marc:subfield code="a">Grammar, Comparative and general</marc:subfield><marc:subfield code="x">Syntax.</marc:subfield></marc:datafield><marc:datafield tag="650" ind1=" " ind2="0"><marc:subfield code="a">Semantics.</marc:subfield></marc:datafield><marc:datafield tag="035" ind1=" " ind2=" "><marc:subfield code="a">(TxDaGIAL)37741100003503</marc:subfield></marc:datafield><marc:controlfield tag="005">20080624154510.0</marc:controlfield><marc:controlfield tag="001">651</marc:controlfield><marc:controlfield tag="003">TxDaGIAL</marc:controlfield><marc:datafield tag="852" ind1=" " ind2=" "><marc:subfield code="p">37741100003503</marc:subfield><marc:subfield code="a">Library</marc:subfield><marc:subfield code="9">$25.00</marc:subfield><marc:subfield code="x">COPYID:736</marc:subfield><marc:subfield code="x">FSC@aRegular@c19950419</marc:subfield><marc:subfield code="h">415 G865a 1990</marc:subfield><marc:subfield code="z">B/T 9-91</marc:subfield></marc:datafield><marc:datafield tag="852" ind1=" " ind2=" "><marc:subfield code="p">37741100023900</marc:subfield><marc:subfield code="a">Library</marc:subfield><marc:subfield code="b">James E. Redden Coll</marc:subfield><marc:subfield code="9">$0.00</marc:subfield><marc:subfield code="x">FUND:Gift</marc:subfield><marc:subfield code="x">COPYID:737</marc:subfield><marc:subfield code="x">FSC@aRegular@c20000509</marc:subfield><marc:subfield code="h">415 G865a 1990</marc:subfield><marc:subfield code="z">Gift James E. Redden 2-00</marc:subfield></marc:datafield></marc:record>