
<marc:record><marc:leader>01078nam a2200277 a 4500</marc:leader>
<marc:controlfield tag="008">830808s1982    ne a     b    10110 eng  </marc:controlfield>
<marc:datafield tag="010" ind1=" " ind2=" "><marc:subfield code="a">   82226284</marc:subfield></marc:datafield><marc:datafield tag="020" ind1=" " ind2=" "><marc:subfield code="a">9027230072 :</marc:subfield><marc:subfield code="c">fl 95.00</marc:subfield></marc:datafield><marc:datafield tag="040" ind1=" " ind2=" "><marc:subfield code="a">DLC</marc:subfield><marc:subfield code="c">DLC</marc:subfield><marc:subfield code="d">TxDaGIAL</marc:subfield></marc:datafield><marc:datafield tag="050" ind1="0" ind2=" "><marc:subfield code="a">BC5</marc:subfield><marc:subfield code="b">.G76 1978</marc:subfield></marc:datafield><marc:datafield tag="082" ind1="0" ind2=" "><marc:subfield code="a">160</marc:subfield><marc:subfield code="2">19</marc:subfield></marc:datafield><marc:datafield tag="111" ind1="2" ind2="0"><marc:subfield code="a">Groningen Conference on the Theory of Argumentation</marc:subfield><marc:subfield code="d">(1978)</marc:subfield></marc:datafield><marc:datafield tag="245" ind1="1" ind2="0"><marc:subfield code="a">Argumentation :</marc:subfield><marc:subfield code="b">approaches to theory formation : containing the contributions to the Groningen Conference on the Theory of Argumentation, October 1978 /</marc:subfield><marc:subfield code="c">edited by E.M. Barth &amp; J.L. Martens.</marc:subfield></marc:datafield><marc:datafield tag="260" ind1="0" ind2=" "><marc:subfield code="a">Amsterdam :</marc:subfield><marc:subfield code="b">Benjamins,</marc:subfield><marc:subfield code="c">1982.</marc:subfield></marc:datafield><marc:datafield tag="300" ind1=" " ind2=" "><marc:subfield code="a">xvii, 333 p. :</marc:subfield><marc:subfield code="b">ill. ;</marc:subfield><marc:subfield code="c">23 cm.</marc:subfield></marc:datafield><marc:datafield tag="440" ind1=" " ind2="0"><marc:subfield code="a">Studies in language companion series,</marc:subfield><marc:subfield code="x">0165-7763 ;</marc:subfield><marc:subfield code="v">v. 8</marc:subfield></marc:datafield><marc:datafield tag="504" ind1=" " ind2=" "><marc:subfield code="a">Includes bibliographies and index.</marc:subfield></marc:datafield><marc:datafield tag="650" ind1=" " ind2="0"><marc:subfield code="a">Logic</marc:subfield><marc:subfield code="v">Congresses.</marc:subfield></marc:datafield><marc:datafield tag="650" ind1=" " ind2="0"><marc:subfield code="a">Reasoning</marc:subfield><marc:subfield code="v">Congresses.</marc:subfield></marc:datafield><marc:datafield tag="700" ind1="1" ind2="0"><marc:subfield code="a">Barth, E. M.</marc:subfield></marc:datafield><marc:datafield tag="700" ind1="1" ind2="0"><marc:subfield code="a">Martens, J. L.</marc:subfield></marc:datafield><marc:datafield tag="035" ind1=" " ind2=" "><marc:subfield code="a">(TxDaGIAL)37741100006320</marc:subfield></marc:datafield><marc:controlfield tag="005">20080624154510.0</marc:controlfield><marc:controlfield tag="001">652</marc:controlfield><marc:controlfield tag="003">TxDaGIAL</marc:controlfield><marc:datafield tag="852" ind1=" " ind2=" "><marc:subfield code="p">37741100006320</marc:subfield><marc:subfield code="a">Library</marc:subfield><marc:subfield code="x">COPYID:738</marc:subfield><marc:subfield code="x">FSC@aRegular@c19950807</marc:subfield><marc:subfield code="h">160 G876a 1978</marc:subfield><marc:subfield code="z">10357</marc:subfield></marc:datafield></marc:record>