
<marc:record><marc:leader>01230cam a2200277 i 4500</marc:leader>
<marc:controlfield tag="008">750130s1975    mau      b    00010 eng  </marc:controlfield>
<marc:datafield tag="010" ind1=" " ind2=" "><marc:subfield code="a">   75002361 //r842</marc:subfield></marc:datafield><marc:datafield tag="040" ind1=" " ind2=" "><marc:subfield code="a">DLC</marc:subfield><marc:subfield code="c">DLC</marc:subfield><marc:subfield code="d">DLC</marc:subfield></marc:datafield><marc:datafield tag="050" ind1="0" ind2=" "><marc:subfield code="a">BS1325.2</marc:subfield><marc:subfield code="b">.C35 1975</marc:subfield></marc:datafield><marc:datafield tag="082" ind1=" " ind2=" "><marc:subfield code="a">222/.4</marc:subfield></marc:datafield><marc:datafield tag="100" ind1="1" ind2="0"><marc:subfield code="a">Campbell, Antony F.</marc:subfield></marc:datafield><marc:datafield tag="245" ind1="1" ind2="4"><marc:subfield code="a">The ark narrative, 1 Sam 4-6, 2 Sam 6 :</marc:subfield><marc:subfield code="b">a form-critical and traditio-historical study /</marc:subfield><marc:subfield code="c">by Antony F. Campbell.</marc:subfield></marc:datafield><marc:datafield tag="260" ind1="0" ind2=" "><marc:subfield code="a">[Cambridge, Mass.] :</marc:subfield><marc:subfield code="b">Society of Biblical Literature ;</marc:subfield><marc:subfield code="a">Missoula, Mont. :</marc:subfield><marc:subfield code="b">distributed by Scholars' Press,</marc:subfield><marc:subfield code="c">c1975.</marc:subfield></marc:datafield><marc:datafield tag="300" ind1=" " ind2=" "><marc:subfield code="a">vii, 282 p. ;</marc:subfield><marc:subfield code="c">22 cm.</marc:subfield></marc:datafield><marc:datafield tag="490" ind1="1" ind2=" "><marc:subfield code="a">Dissertation series - Society of Biblical Literature ; no. 16</marc:subfield></marc:datafield><marc:datafield tag="500" ind1=" " ind2=" "><marc:subfield code="a">Originally presented as the author's thesis, Claremont Graduate School, 1974.</marc:subfield></marc:datafield><marc:datafield tag="504" ind1=" " ind2=" "><marc:subfield code="a">Bibliography: p. 265-282.</marc:subfield></marc:datafield><marc:datafield tag="630" ind1="0" ind2="0"><marc:subfield code="a">Bible.</marc:subfield><marc:subfield code="p">O.T.</marc:subfield><marc:subfield code="p">1 Samuel IV-VI</marc:subfield><marc:subfield code="x">Criticism, interpretation, etc.</marc:subfield></marc:datafield><marc:datafield tag="630" ind1="0" ind2="0"><marc:subfield code="a">Bible.</marc:subfield><marc:subfield code="p">O.T.</marc:subfield><marc:subfield code="p">2 Samuel VI</marc:subfield><marc:subfield code="x">Criticism, interpretation, etc.</marc:subfield></marc:datafield><marc:datafield tag="650" ind1=" " ind2="0"><marc:subfield code="a">Ark of the Covenant.</marc:subfield></marc:datafield><marc:datafield tag="830" ind1=" " ind2="0"><marc:subfield code="a">Dissertation series (Society of Biblical Literature) ;</marc:subfield><marc:subfield code="v">no. 16.</marc:subfield></marc:datafield><marc:datafield tag="035" ind1=" " ind2=" "><marc:subfield code="a">(TxDaGIAL)37741100002858</marc:subfield></marc:datafield><marc:controlfield tag="005">20080624154511.0</marc:controlfield><marc:controlfield tag="001">655</marc:controlfield><marc:controlfield tag="003">TxDaGIAL</marc:controlfield><marc:datafield tag="852" ind1=" " ind2=" "><marc:subfield code="p">37741100002858</marc:subfield><marc:subfield code="a">Library</marc:subfield><marc:subfield code="x">COPYID:742</marc:subfield><marc:subfield code="x">FSC@aRegular@c19950328</marc:subfield><marc:subfield code="h">222.406 C187a 1975</marc:subfield><marc:subfield code="z">1640</marc:subfield></marc:datafield></marc:record>