
<marc:record><marc:leader>00878nam a2200241Ii 4500</marc:leader>
<marc:controlfield tag="008">711109 1956    ve              0 0 spa u</marc:controlfield>
<marc:datafield tag="010" ind1=" " ind2=" "><marc:subfield code="a">   59048288</marc:subfield></marc:datafield><marc:datafield tag="035" ind1=" " ind2=" "><marc:subfield code="a">(CU-UC)3677937</marc:subfield></marc:datafield><marc:datafield tag="040" ind1=" " ind2=" "><marc:subfield code="c">OSU</marc:subfield><marc:subfield code="d">CLU</marc:subfield></marc:datafield><marc:datafield tag="100" ind1="1" ind2="0"><marc:subfield code="a">Plaza Delgado, Amilcar.</marc:subfield></marc:datafield><marc:datafield tag="245" ind1="1" ind2="4"><marc:subfield code="a">Las armas espaolas en la conquista de Venezuela (siglo XVI).</marc:subfield></marc:datafield><marc:datafield tag="260" ind1="0" ind2=" "><marc:subfield code="a">Caracas :</marc:subfield><marc:subfield code="b">Instituto de Estudios Hispanoamericanos, Facultad de Humanidades y Educacin, Universidad Central de Venezuela,</marc:subfield><marc:subfield code="c">1956.</marc:subfield></marc:datafield><marc:datafield tag="300" ind1=" " ind2=" "><marc:subfield code="a">74 p. :</marc:subfield><marc:subfield code="b">illus. ;</marc:subfield><marc:subfield code="c">23 cm.</marc:subfield></marc:datafield><marc:datafield tag="504" ind1=" " ind2=" "><marc:subfield code="a">Includes bibliographies.</marc:subfield></marc:datafield><marc:datafield tag="546" ind1=" " ind2=" "><marc:subfield code="a">Spanish.</marc:subfield></marc:datafield><marc:datafield tag="650" ind1=" " ind2="0"><marc:subfield code="a">Armor</marc:subfield><marc:subfield code="z">Spain.</marc:subfield></marc:datafield><marc:datafield tag="650" ind1=" " ind2="0"><marc:subfield code="a">Weapons</marc:subfield><marc:subfield code="z">Spain.</marc:subfield></marc:datafield><marc:datafield tag="651" ind1=" " ind2="0"><marc:subfield code="a">Venezuela</marc:subfield><marc:subfield code="x">History</marc:subfield><marc:subfield code="x">Discovery and German occupation to 1556.</marc:subfield></marc:datafield><marc:datafield tag="035" ind1=" " ind2=" "><marc:subfield code="a">(TxDaGIAL)37741100015325</marc:subfield></marc:datafield><marc:controlfield tag="005">20080624154511.0</marc:controlfield><marc:controlfield tag="001">656</marc:controlfield><marc:controlfield tag="003">TxDaGIAL</marc:controlfield><marc:datafield tag="852" ind1=" " ind2=" "><marc:subfield code="p">37741100015325</marc:subfield><marc:subfield code="a">Library</marc:subfield><marc:subfield code="x">COPYID:743</marc:subfield><marc:subfield code="x">FSC@aRegular@c19970224</marc:subfield><marc:subfield code="h">987.03 P722a 1956</marc:subfield></marc:datafield></marc:record>