
<marc:record><marc:leader>00959nam a2200265Ii 4500</marc:leader>
<marc:controlfield tag="008">920424s1970    air      b    000 0 armrd</marc:controlfield>
<marc:datafield tag="035" ind1=" " ind2=" "><marc:subfield code="a">(CU-UC)7682219</marc:subfield></marc:datafield><marc:datafield tag="040" ind1=" " ind2=" "><marc:subfield code="a">IUL</marc:subfield><marc:subfield code="c">IUL</marc:subfield><marc:subfield code="d">CUY</marc:subfield></marc:datafield><marc:datafield tag="041" ind1="0" ind2=" "><marc:subfield code="a">armrus</marc:subfield></marc:datafield><marc:datafield tag="100" ind1="1" ind2=" "><marc:subfield code="a">Melkonian, Rafik Levonovich.</marc:subfield></marc:datafield><marc:datafield tag="245" ind1="1" ind2="0"><marc:subfield code="a">Armiano-russki shkolny slovar :</marc:subfield><marc:subfield code="b">okolo 12,000 slov /</marc:subfield><marc:subfield code="c">R. L. Melkumian, A. A. Sekoian.</marc:subfield></marc:datafield><marc:datafield tag="250" ind1=" " ind2=" "><marc:subfield code="a">2. izd., ispr. i dop.</marc:subfield></marc:datafield><marc:datafield tag="260" ind1=" " ind2=" "><marc:subfield code="a">Erevan :</marc:subfield><marc:subfield code="b">Lus,</marc:subfield><marc:subfield code="c">1970.</marc:subfield></marc:datafield><marc:datafield tag="300" ind1=" " ind2=" "><marc:subfield code="a">256 p. ;</marc:subfield><marc:subfield code="c">22 cm.</marc:subfield></marc:datafield><marc:datafield tag="500" ind1=" " ind2=" "><marc:subfield code="a">Added t.p.: Hay-owseren dprotsakan baaran.</marc:subfield></marc:datafield><marc:datafield tag="500" ind1=" " ind2=" "><marc:subfield code="a">Armenian in Cyrillic script.</marc:subfield></marc:datafield><marc:datafield tag="546" ind1=" " ind2=" "><marc:subfield code="a">Armenian.</marc:subfield></marc:datafield><marc:datafield tag="650" ind1=" " ind2="0"><marc:subfield code="a">Armenian language</marc:subfield><marc:subfield code="v">Dictionaries</marc:subfield><marc:subfield code="x">Russian.</marc:subfield></marc:datafield><marc:datafield tag="700" ind1="1" ind2="0"><marc:subfield code="a">Sekoyan, A. H.</marc:subfield><marc:subfield code="q">(Ara Hakobjani)</marc:subfield></marc:datafield><marc:datafield tag="740" ind1="0" ind2="1"><marc:subfield code="a">Hay-owseren dprotsakan baaran.</marc:subfield></marc:datafield><marc:datafield tag="035" ind1=" " ind2=" "><marc:subfield code="a">(TxDaGIAL)37741100018977</marc:subfield></marc:datafield><marc:controlfield tag="005">20080624154511.0</marc:controlfield><marc:controlfield tag="001">657</marc:controlfield><marc:controlfield tag="003">TxDaGIAL</marc:controlfield><marc:datafield tag="852" ind1=" " ind2=" "><marc:subfield code="p">37741100018977</marc:subfield><marc:subfield code="a">Library</marc:subfield><marc:subfield code="x">COPYID:744</marc:subfield><marc:subfield code="x">FSC@aRegular@c19970714</marc:subfield><marc:subfield code="h">491.9923917 M523a 1970</marc:subfield></marc:datafield></marc:record>