
<marc:record><marc:leader>00992nam a2200193 a 4500</marc:leader>
<marc:controlfield tag="008">930419s1986    txub          00000 spa d</marc:controlfield>
<marc:datafield tag="040" ind1=" " ind2=" "><marc:subfield code="a">TxDaGIAL</marc:subfield><marc:subfield code="c">TxDaGIAL</marc:subfield></marc:datafield><marc:datafield tag="130" ind1="0" ind2=" "><marc:subfield code="a">Bible.</marc:subfield><marc:subfield code="p">N.T.</marc:subfield><marc:subfield code="p">Gospels.</marc:subfield><marc:subfield code="l">Spanish.</marc:subfield><marc:subfield code="k">Harmonies.</marc:subfield><marc:subfield code="f">1950.</marc:subfield></marc:datafield><marc:datafield tag="245" ind1="1" ind2="4"><marc:subfield code="a">Una armonia de los cuatro Evangelios /</marc:subfield><marc:subfield code="c">por A.T. Robertson; la versin en castellano fue arreglada por F.W. Patterson y Arturo Parajn Dl, usando el texto de Cipriano de Valera. Las notas que estn en el apndice fueron traducidas por el Profesor I. Villarello.</marc:subfield></marc:datafield><marc:datafield tag="260" ind1=" " ind2=" "><marc:subfield code="a">El Paso, Tex. :</marc:subfield><marc:subfield code="b">Casa Bautista de Publicaciones,</marc:subfield><marc:subfield code="c">c1986.</marc:subfield></marc:datafield><marc:datafield tag="300" ind1=" " ind2=" "><marc:subfield code="a">xxxiii, 259 p. ;</marc:subfield><marc:subfield code="c">22 cm.</marc:subfield></marc:datafield><marc:datafield tag="546" ind1=" " ind2=" "><marc:subfield code="a">Spanish.</marc:subfield></marc:datafield><marc:datafield tag="700" ind1="1" ind2="0"><marc:subfield code="a">Robertson, A. T.,</marc:subfield><marc:subfield code="d">1863-1934.</marc:subfield></marc:datafield><marc:datafield tag="700" ind1="1" ind2="0"><marc:subfield code="a">Broadus, John Albert,</marc:subfield><marc:subfield code="d">1827-1895.</marc:subfield><marc:subfield code="t">Harmony of the gospels in the revised version.</marc:subfield><marc:subfield code="l">Spanish.</marc:subfield></marc:datafield><marc:datafield tag="035" ind1=" " ind2=" "><marc:subfield code="a">(TxDaGIAL)37741100017251</marc:subfield></marc:datafield><marc:controlfield tag="005">20080624154511.0</marc:controlfield><marc:controlfield tag="001">658</marc:controlfield><marc:controlfield tag="003">TxDaGIAL</marc:controlfield><marc:datafield tag="852" ind1=" " ind2=" "><marc:subfield code="p">37741100017251</marc:subfield><marc:subfield code="a">Library</marc:subfield><marc:subfield code="9">$0.00</marc:subfield><marc:subfield code="x">COPYID:745</marc:subfield><marc:subfield code="x">FSC@aRegular@c19970430</marc:subfield><marc:subfield code="h">226.1 R649h.S 1986</marc:subfield><marc:subfield code="z">Keith Forster gift 7-93</marc:subfield></marc:datafield></marc:record>