
<marc:record><marc:leader>01136pam a2200301 i 4500</marc:leader>
<marc:controlfield tag="008">780120s1978    nyu      b    00110 eng  </marc:controlfield>
<marc:datafield tag="010" ind1=" " ind2=" "><marc:subfield code="a">   77090901</marc:subfield></marc:datafield><marc:datafield tag="020" ind1=" " ind2=" "><marc:subfield code="a">0801411556</marc:subfield></marc:datafield><marc:datafield tag="040" ind1=" " ind2=" "><marc:subfield code="a">DLC</marc:subfield><marc:subfield code="c">DLC</marc:subfield></marc:datafield><marc:datafield tag="043" ind1=" " ind2=" "><marc:subfield code="a">a-io---</marc:subfield></marc:datafield><marc:datafield tag="050" ind1="0" ind2=" "><marc:subfield code="a">DS644</marc:subfield><marc:subfield code="b">.C76 1978</marc:subfield></marc:datafield><marc:datafield tag="082" ind1=" " ind2=" "><marc:subfield code="a">322.4/4</marc:subfield></marc:datafield><marc:datafield tag="100" ind1="1" ind2="0"><marc:subfield code="a">Crouch, Harold A.,</marc:subfield><marc:subfield code="d">1940-</marc:subfield></marc:datafield><marc:datafield tag="245" ind1="1" ind2="4"><marc:subfield code="a">The army and politics in Indonesia /</marc:subfield><marc:subfield code="c">Harold Crouch.</marc:subfield></marc:datafield><marc:datafield tag="260" ind1="0" ind2=" "><marc:subfield code="a">Ithaca, N.Y. :</marc:subfield><marc:subfield code="b">Cornell University Press,</marc:subfield><marc:subfield code="c">1978.</marc:subfield></marc:datafield><marc:datafield tag="300" ind1=" " ind2=" "><marc:subfield code="a">377 p. ;</marc:subfield><marc:subfield code="c">22 cm.</marc:subfield></marc:datafield><marc:datafield tag="440" ind1=" " ind2="0"><marc:subfield code="a">Politics and international relations of Southeast Asia</marc:subfield></marc:datafield><marc:datafield tag="500" ind1=" " ind2=" "><marc:subfield code="a">A revision of the author's thesis, Monash University, Melbourne, 1975, entitled: The Indonesia Army in politics, 1960-1971.</marc:subfield></marc:datafield><marc:datafield tag="504" ind1=" " ind2=" "><marc:subfield code="a">Bibliography: p. [357]-368.</marc:subfield></marc:datafield><marc:datafield tag="500" ind1=" " ind2=" "><marc:subfield code="a">Includes index.</marc:subfield></marc:datafield><marc:datafield tag="651" ind1=" " ind2="0"><marc:subfield code="a">Indonesia</marc:subfield><marc:subfield code="x">Politics and government</marc:subfield><marc:subfield code="y">1950-1966.</marc:subfield></marc:datafield><marc:datafield tag="651" ind1=" " ind2="0"><marc:subfield code="a">Indonesia</marc:subfield><marc:subfield code="x">Politics and government</marc:subfield><marc:subfield code="y">1966-</marc:subfield></marc:datafield><marc:datafield tag="610" ind1="1" ind2="0"><marc:subfield code="a">Indonesia.</marc:subfield><marc:subfield code="b">Angkatan Bersenjata</marc:subfield><marc:subfield code="x">Political activity.</marc:subfield></marc:datafield><marc:datafield tag="035" ind1=" " ind2=" "><marc:subfield code="a">(TxDaGIAL)37741100006037</marc:subfield></marc:datafield><marc:controlfield tag="005">20080624154511.0</marc:controlfield><marc:controlfield tag="001">659</marc:controlfield><marc:controlfield tag="003">TxDaGIAL</marc:controlfield><marc:datafield tag="852" ind1=" " ind2=" "><marc:subfield code="p">37741100006037</marc:subfield><marc:subfield code="a">Library</marc:subfield><marc:subfield code="x">COPYID:746</marc:subfield><marc:subfield code="x">FSC@aRegular@c19950728</marc:subfield><marc:subfield code="h">320.9598 C952a 1978</marc:subfield><marc:subfield code="z">6831</marc:subfield></marc:datafield></marc:record>