
<marc:record><marc:leader>01341nam a2200313Ia 4500</marc:leader>
<marc:controlfield tag="008">901001s1990    ilua     b    00110 eng d</marc:controlfield>
<marc:datafield tag="020" ind1=" " ind2=" "><marc:subfield code="a">0931828759</marc:subfield></marc:datafield><marc:datafield tag="035" ind1=" " ind2=" "><marc:subfield code="a">(CU-UC)7032968</marc:subfield></marc:datafield><marc:datafield tag="040" ind1=" " ind2=" "><marc:subfield code="a">PPC</marc:subfield><marc:subfield code="c">PPC</marc:subfield><marc:subfield code="d">MHS</marc:subfield><marc:subfield code="d">OCoLC</marc:subfield><marc:subfield code="d">CLU</marc:subfield><marc:subfield code="d">TxDaGIAL</marc:subfield></marc:datafield><marc:datafield tag="100" ind1="1" ind2="0"><marc:subfield code="a">Miller, Fredric M.</marc:subfield></marc:datafield><marc:datafield tag="245" ind1="1" ind2="0"><marc:subfield code="a">Arranging and describing archives and manuscripts /</marc:subfield><marc:subfield code="c">by Fredric M. Miller.</marc:subfield></marc:datafield><marc:datafield tag="260" ind1="0" ind2=" "><marc:subfield code="a">Chicago :</marc:subfield><marc:subfield code="b">Society of American Archivists,</marc:subfield><marc:subfield code="c">1990.</marc:subfield></marc:datafield><marc:datafield tag="300" ind1=" " ind2=" "><marc:subfield code="a">131 p. :</marc:subfield><marc:subfield code="b">ill. ;</marc:subfield><marc:subfield code="c">28 cm.</marc:subfield></marc:datafield><marc:datafield tag="440" ind1=" " ind2="0"><marc:subfield code="a">Archival fundamentals series</marc:subfield></marc:datafield><marc:datafield tag="504" ind1=" " ind2=" "><marc:subfield code="a">Includes bibliographical references (p. 124-126) and index.</marc:subfield></marc:datafield><marc:datafield tag="546" ind1=" " ind2=" "><marc:subfield code="a">English.</marc:subfield></marc:datafield><marc:datafield tag="500" ind1=" " ind2=" "><marc:subfield code="a">Spanish version: Ordenacion y descripcion de archivos y manuscritos, 1994, Society of American Archivists.</marc:subfield></marc:datafield><marc:datafield tag="650" ind1=" " ind2="0"><marc:subfield code="a">Cataloging of archival material</marc:subfield><marc:subfield code="v">Handbooks, manuals, etc.</marc:subfield></marc:datafield><marc:datafield tag="650" ind1=" " ind2="0"><marc:subfield code="a">Cataloging of manuscripts</marc:subfield><marc:subfield code="v">Handbooks, manuals, etc.</marc:subfield></marc:datafield><marc:datafield tag="650" ind1=" " ind2="2"><marc:subfield code="a">Archives.</marc:subfield></marc:datafield><marc:datafield tag="650" ind1=" " ind2="2"><marc:subfield code="a">Manuscripts.</marc:subfield></marc:datafield><marc:datafield tag="650" ind1=" " ind2="2"><marc:subfield code="a">Cataloging.</marc:subfield></marc:datafield><marc:datafield tag="710" ind1="2" ind2="0"><marc:subfield code="a">Society of American Archivists.</marc:subfield></marc:datafield><marc:datafield tag="035" ind1=" " ind2=" "><marc:subfield code="a">(TxDaGIAL)37741100015930</marc:subfield></marc:datafield><marc:controlfield tag="005">20080624154512.0</marc:controlfield><marc:controlfield tag="001">660</marc:controlfield><marc:controlfield tag="003">TxDaGIAL</marc:controlfield><marc:datafield tag="852" ind1=" " ind2=" "><marc:subfield code="p">37741100015930</marc:subfield><marc:subfield code="a">Library</marc:subfield><marc:subfield code="9">$27.00</marc:subfield><marc:subfield code="x">FUND:Misc</marc:subfield><marc:subfield code="x">COPYID:747</marc:subfield><marc:subfield code="x">FSC@aRegular@c19970317</marc:subfield><marc:subfield code="h">025.3414 M647a 1990</marc:subfield><marc:subfield code="z">Direct 3-97</marc:subfield></marc:datafield><marc:datafield tag="852" ind1=" " ind2=" "><marc:subfield code="p">37741100024499</marc:subfield><marc:subfield code="a">Library</marc:subfield><marc:subfield code="9">$0.00</marc:subfield><marc:subfield code="x">FUND:Gift</marc:subfield><marc:subfield code="x">COPYID:748</marc:subfield><marc:subfield code="x">FSC@aRegular@c20010212</marc:subfield><marc:subfield code="h">025.3414 M647a 1990</marc:subfield><marc:subfield code="z">Gift Barbara Thomas 9-00</marc:subfield></marc:datafield></marc:record>