
<marc:record><marc:leader>00634nam a2200181 i 4500</marc:leader>
<marc:controlfield tag="008">960730r19651964enk           000 0 eng d</marc:controlfield>
<marc:datafield tag="040" ind1=" " ind2=" "><marc:subfield code="a">TxDaGIAL</marc:subfield><marc:subfield code="c">TxDaGIAL</marc:subfield></marc:datafield><marc:datafield tag="082" ind1="0" ind2="4"><marc:subfield code="a">828.99</marc:subfield><marc:subfield code="2">20</marc:subfield></marc:datafield><marc:datafield tag="100" ind1="1" ind2=" "><marc:subfield code="a">Achebe, Chinua.</marc:subfield></marc:datafield><marc:datafield tag="245" ind1="1" ind2="0"><marc:subfield code="a">Arrow of God /</marc:subfield><marc:subfield code="c">Chinua Achebe.</marc:subfield></marc:datafield><marc:datafield tag="260" ind1=" " ind2=" "><marc:subfield code="a">London and Ibadan :</marc:subfield><marc:subfield code="b">Heinemann Educational Books,</marc:subfield><marc:subfield code="c">1965, c1964.</marc:subfield></marc:datafield><marc:datafield tag="300" ind1=" " ind2=" "><marc:subfield code="a">287 p. ;</marc:subfield><marc:subfield code="c">19 cm.</marc:subfield></marc:datafield><marc:datafield tag="440" ind1=" " ind2="0"><marc:subfield code="a">African writers series ;</marc:subfield><marc:subfield code="v">16</marc:subfield></marc:datafield><marc:datafield tag="035" ind1=" " ind2=" "><marc:subfield code="a">(TxDaGIAL)37741100012734</marc:subfield></marc:datafield><marc:controlfield tag="005">20080624154512.0</marc:controlfield><marc:controlfield tag="001">661</marc:controlfield><marc:controlfield tag="003">TxDaGIAL</marc:controlfield><marc:datafield tag="852" ind1=" " ind2=" "><marc:subfield code="p">37741100012734</marc:subfield><marc:subfield code="a">Library</marc:subfield><marc:subfield code="b">Kenneth L. Pike Coll</marc:subfield><marc:subfield code="9">$0.00</marc:subfield><marc:subfield code="x">COPYID:749</marc:subfield><marc:subfield code="x">FSC@aRegular@c19960801</marc:subfield><marc:subfield code="h">828.99669 A177a 1965</marc:subfield><marc:subfield code="z">K.L. Pike gift 10-93</marc:subfield></marc:datafield></marc:record>