
<marc:record><marc:leader>01526cam a2200253 a 4500</marc:leader>
<marc:controlfield tag="008">840123s1984    mau      b    00100 eng  </marc:controlfield>
<marc:datafield tag="010" ind1=" " ind2=" "><marc:subfield code="a">   84000625 //r90</marc:subfield></marc:datafield><marc:datafield tag="020" ind1=" " ind2=" "><marc:subfield code="a">0674046803 (pbk. : alk. paper)</marc:subfield></marc:datafield><marc:datafield tag="040" ind1=" " ind2=" "><marc:subfield code="a">DLC</marc:subfield><marc:subfield code="c">DLC</marc:subfield><marc:subfield code="d">DLC</marc:subfield><marc:subfield code="d">OCoLC</marc:subfield></marc:datafield><marc:datafield tag="050" ind1="0" ind2="0"><marc:subfield code="a">LB2331</marc:subfield><marc:subfield code="b">.A646 1984</marc:subfield></marc:datafield><marc:datafield tag="082" ind1="0" ind2="0"><marc:subfield code="a">378/.125</marc:subfield><marc:subfield code="2">19</marc:subfield></marc:datafield><marc:datafield tag="245" ind1="0" ind2="4"><marc:subfield code="a">The Art and craft of teaching /</marc:subfield><marc:subfield code="c">edited by Margaret Morganroth Gullette.</marc:subfield></marc:datafield><marc:datafield tag="260" ind1="0" ind2=" "><marc:subfield code="a">Cambridge, Mass. :</marc:subfield><marc:subfield code="b">Distributed for the Harvard-Danforth Center for Teaching and Learning, Faculty of Arts and Sciences, Harvard University by Harvard University Press,</marc:subfield><marc:subfield code="c">1984.</marc:subfield></marc:datafield><marc:datafield tag="300" ind1=" " ind2=" "><marc:subfield code="a">xiv, 130 p. ;</marc:subfield><marc:subfield code="c">23 cm.</marc:subfield></marc:datafield><marc:datafield tag="504" ind1=" " ind2=" "><marc:subfield code="a">Includes bibliographical references and index.</marc:subfield></marc:datafield><marc:datafield tag="505" ind1="0" ind2=" "><marc:subfield code="a">Varities of teaching / James Wilkinson -- The first day of class / Jeffrey Wolcowitz -- The theory and practice of lectures / Heather Dubrow and James Wilkinson -- Questioning / Thomas P. Kasulis -- The Multifaceted role of the section leader / Ullica Segerstrale -- The rhythms of the semester / Laura L. Nash -- Teaching essay-writing in a liberal arts curriculum / Heather Dubrow -- Grading and evaluation / Christopher M. Jedrey -- Learning a new art / Richard Fraher.</marc:subfield></marc:datafield><marc:datafield tag="650" ind1=" " ind2="0"><marc:subfield code="a">College teaching.</marc:subfield></marc:datafield><marc:datafield tag="700" ind1="1" ind2="0"><marc:subfield code="a">Gullette, Margaret Morganroth.</marc:subfield></marc:datafield><marc:datafield tag="035" ind1=" " ind2=" "><marc:subfield code="a">(TxDaGIAL)37741100009721</marc:subfield></marc:datafield><marc:controlfield tag="005">20080624154513.0</marc:controlfield><marc:controlfield tag="001">663</marc:controlfield><marc:controlfield tag="003">TxDaGIAL</marc:controlfield><marc:datafield tag="852" ind1=" " ind2=" "><marc:subfield code="p">37741100009721</marc:subfield><marc:subfield code="a">Library</marc:subfield><marc:subfield code="x">COPYID:751</marc:subfield><marc:subfield code="x">FSC@aRegular@c19951122</marc:subfield><marc:subfield code="h">378.125 A784g 1984</marc:subfield><marc:subfield code="z">11629</marc:subfield></marc:datafield><marc:datafield tag="852" ind1=" " ind2=" "><marc:subfield code="p">37741100009722</marc:subfield><marc:subfield code="a">Library</marc:subfield><marc:subfield code="x">COPYID:752</marc:subfield><marc:subfield code="x">FSC@aRegular@c19951122</marc:subfield><marc:subfield code="h">378.125 A784g 1984</marc:subfield><marc:subfield code="z">11618</marc:subfield></marc:datafield></marc:record>