
<marc:record><marc:leader>00996cam a2200277 a 4500</marc:leader>
<marc:controlfield tag="008">881115s1989    caua     b   s00110 eng  </marc:controlfield>
<marc:datafield tag="010" ind1=" " ind2=" "><marc:subfield code="a">   88027094 //r91</marc:subfield></marc:datafield><marc:datafield tag="020" ind1=" " ind2=" "><marc:subfield code="a">0520063775 (alk. paper)</marc:subfield></marc:datafield><marc:datafield tag="040" ind1=" " ind2=" "><marc:subfield code="a">DLC</marc:subfield><marc:subfield code="c">DLC</marc:subfield><marc:subfield code="d">DLC</marc:subfield></marc:datafield><marc:datafield tag="043" ind1=" " ind2=" "><marc:subfield code="a">a-io---</marc:subfield></marc:datafield><marc:datafield tag="050" ind1="0" ind2="0"><marc:subfield code="a">DS632.W34</marc:subfield><marc:subfield code="b">A87 1989</marc:subfield></marc:datafield><marc:datafield tag="082" ind1="0" ind2="0"><marc:subfield code="a">306/.0899922</marc:subfield><marc:subfield code="2">19</marc:subfield></marc:datafield><marc:datafield tag="100" ind1="1" ind2="0"><marc:subfield code="a">Atkinson, Jane Monnig.</marc:subfield></marc:datafield><marc:datafield tag="245" ind1="1" ind2="4"><marc:subfield code="a">The art and politics of Wana shamanship /</marc:subfield><marc:subfield code="c">Jane Monnig Atkinson.</marc:subfield></marc:datafield><marc:datafield tag="260" ind1="0" ind2=" "><marc:subfield code="a">Berkeley :</marc:subfield><marc:subfield code="b">University of California Press,</marc:subfield><marc:subfield code="c">c1989.</marc:subfield></marc:datafield><marc:datafield tag="300" ind1=" " ind2=" "><marc:subfield code="a">xviii, 365 p. :</marc:subfield><marc:subfield code="b">ill. ;</marc:subfield><marc:subfield code="c">24 cm.</marc:subfield></marc:datafield><marc:datafield tag="504" ind1=" " ind2=" "><marc:subfield code="a">Bibliography: p. 351-357.</marc:subfield></marc:datafield><marc:datafield tag="500" ind1=" " ind2=" "><marc:subfield code="a">Includes index.</marc:subfield></marc:datafield><marc:datafield tag="650" ind1=" " ind2="0"><marc:subfield code="a">Wana (Indonesian people)</marc:subfield><marc:subfield code="x">Rites and ceremonies.</marc:subfield></marc:datafield><marc:datafield tag="650" ind1=" " ind2="0"><marc:subfield code="a">Shamanism</marc:subfield><marc:subfield code="z">Indonesia</marc:subfield><marc:subfield code="z">Sulawesi Tengah.</marc:subfield></marc:datafield><marc:datafield tag="650" ind1=" " ind2="0"><marc:subfield code="a">Wana (Indonesian people)</marc:subfield><marc:subfield code="x">Politics and government.</marc:subfield></marc:datafield><marc:datafield tag="035" ind1=" " ind2=" "><marc:subfield code="a">(TxDaGIAL)37741100007959</marc:subfield></marc:datafield><marc:controlfield tag="005">20080624154513.0</marc:controlfield><marc:controlfield tag="001">665</marc:controlfield><marc:controlfield tag="003">TxDaGIAL</marc:controlfield><marc:datafield tag="852" ind1=" " ind2=" "><marc:subfield code="p">37741100007959</marc:subfield><marc:subfield code="a">Library</marc:subfield><marc:subfield code="9">$38.00</marc:subfield><marc:subfield code="x">COPYID:754</marc:subfield><marc:subfield code="x">FSC@aRegular@c19950912</marc:subfield><marc:subfield code="h">306.0899922 A876 1989</marc:subfield><marc:subfield code="z">DIR 2-91</marc:subfield></marc:datafield></marc:record>