
<marc:record><marc:leader>00968pam a2200265 a 4500</marc:leader>
<marc:controlfield tag="008">841030s1985    mdua     b    00110 eng  </marc:controlfield>
<marc:datafield tag="010" ind1=" " ind2=" "><marc:subfield code="a">   84025702</marc:subfield></marc:datafield><marc:datafield tag="020" ind1=" " ind2=" "><marc:subfield code="a">0819144460 (alk. paper) :</marc:subfield><marc:subfield code="c">$26.50</marc:subfield></marc:datafield><marc:datafield tag="020" ind1=" " ind2=" "><marc:subfield code="a">0819144479 (pbk. : alk. paper) :</marc:subfield><marc:subfield code="c">$13.75</marc:subfield></marc:datafield><marc:datafield tag="040" ind1=" " ind2=" "><marc:subfield code="a">DLC</marc:subfield><marc:subfield code="c">DLC</marc:subfield></marc:datafield><marc:datafield tag="050" ind1="0" ind2=" "><marc:subfield code="a">N72.S6</marc:subfield><marc:subfield code="b">H35 1985</marc:subfield></marc:datafield><marc:datafield tag="082" ind1="0" ind2=" "><marc:subfield code="a">701/.1/03</marc:subfield><marc:subfield code="2">19</marc:subfield></marc:datafield><marc:datafield tag="100" ind1="1" ind2="0"><marc:subfield code="a">Hatcher, Evelyn Payne.</marc:subfield></marc:datafield><marc:datafield tag="245" ind1="1" ind2="0"><marc:subfield code="a">Art as culture :</marc:subfield><marc:subfield code="b">an introduction to the anthropology of art /</marc:subfield><marc:subfield code="c">Evelyn Payne Hatcher ; with an introduction by E. Adamson Hoebel.</marc:subfield></marc:datafield><marc:datafield tag="260" ind1="0" ind2=" "><marc:subfield code="a">Lanham MD :</marc:subfield><marc:subfield code="b">University Press of America,</marc:subfield><marc:subfield code="c">c1985.</marc:subfield></marc:datafield><marc:datafield tag="300" ind1=" " ind2=" "><marc:subfield code="a">xviii, 286 p. :</marc:subfield><marc:subfield code="b">ill. ;</marc:subfield><marc:subfield code="c">23 cm.</marc:subfield></marc:datafield><marc:datafield tag="504" ind1=" " ind2=" "><marc:subfield code="a">Bibliography: p. 257-280.</marc:subfield></marc:datafield><marc:datafield tag="500" ind1=" " ind2=" "><marc:subfield code="a">Includes index.</marc:subfield></marc:datafield><marc:datafield tag="650" ind1=" " ind2="0"><marc:subfield code="a">Art and anthropology.</marc:subfield></marc:datafield><marc:datafield tag="650" ind1=" " ind2="0"><marc:subfield code="a">Art and society.</marc:subfield></marc:datafield><marc:datafield tag="035" ind1=" " ind2=" "><marc:subfield code="a">(TxDaGIAL)37741100005489</marc:subfield></marc:datafield><marc:controlfield tag="005">20080624154513.0</marc:controlfield><marc:controlfield tag="001">666</marc:controlfield><marc:controlfield tag="003">TxDaGIAL</marc:controlfield><marc:datafield tag="852" ind1=" " ind2=" "><marc:subfield code="p">37741100005489</marc:subfield><marc:subfield code="a">Library</marc:subfield><marc:subfield code="9">$21.75</marc:subfield><marc:subfield code="x">COPYID:755</marc:subfield><marc:subfield code="x">FSC@aRegular@c19950704</marc:subfield><marc:subfield code="h">701.103 H361a 1985</marc:subfield><marc:subfield code="z">B/T 10-92</marc:subfield></marc:datafield></marc:record>