
<marc:record><marc:leader>00675cam a2200181Ii 4500</marc:leader>
<marc:controlfield tag="008">741219s1950    iluab         000 0 eng d</marc:controlfield>
<marc:datafield tag="040" ind1=" " ind2=" "><marc:subfield code="a">RIU</marc:subfield><marc:subfield code="c">RIU</marc:subfield><marc:subfield code="d">NRC</marc:subfield></marc:datafield><marc:datafield tag="100" ind1="1" ind2=" "><marc:subfield code="a">Elkin, A. P.</marc:subfield><marc:subfield code="q">(Adolphus Peter),</marc:subfield><marc:subfield code="d">1891-1979.</marc:subfield></marc:datafield><marc:datafield tag="245" ind1="1" ind2="0"><marc:subfield code="a">Art in Arnhem Land /</marc:subfield><marc:subfield code="c">by A. P. Elkin and Catherine and Ronald Berndt.</marc:subfield></marc:datafield><marc:datafield tag="260" ind1=" " ind2=" "><marc:subfield code="a">Chicago :</marc:subfield><marc:subfield code="b">University of Chicago Press,</marc:subfield><marc:subfield code="c">[1950]</marc:subfield></marc:datafield><marc:datafield tag="300" ind1=" " ind2=" "><marc:subfield code="a">xii, 123 p. :</marc:subfield><marc:subfield code="b">illus. (part col.), map. ;</marc:subfield><marc:subfield code="c">25 cm.</marc:subfield></marc:datafield><marc:datafield tag="650" ind1=" " ind2="0"><marc:subfield code="a">Art</marc:subfield><marc:subfield code="z">Australia</marc:subfield><marc:subfield code="z">Arnhem Land (N.T.)</marc:subfield></marc:datafield><marc:datafield tag="650" ind1=" " ind2="0"><marc:subfield code="a">Art, Primitive.</marc:subfield></marc:datafield><marc:datafield tag="035" ind1=" " ind2=" "><marc:subfield code="a">(TxDaGIAL)37741100016945</marc:subfield></marc:datafield><marc:controlfield tag="005">20080624154513.0</marc:controlfield><marc:controlfield tag="001">667</marc:controlfield><marc:controlfield tag="003">TxDaGIAL</marc:controlfield><marc:datafield tag="852" ind1=" " ind2=" "><marc:subfield code="p">37741100016945</marc:subfield><marc:subfield code="a">Library</marc:subfield><marc:subfield code="x">COPYID:756</marc:subfield><marc:subfield code="x">FSC@aRegular@c19970422</marc:subfield><marc:subfield code="h">709.011 E43a 1950</marc:subfield><marc:subfield code="z">504</marc:subfield></marc:datafield></marc:record>