
<marc:record><marc:leader>03729cam a2200325 a 4500</marc:leader>
<marc:controlfield tag="008">950711s1994    miu      b    001 0 eng  </marc:controlfield>
<marc:datafield tag="010" ind1=" " ind2=" "><marc:subfield code="a">   93045030</marc:subfield></marc:datafield><marc:datafield tag="020" ind1=" " ind2=" "><marc:subfield code="a">0310431808 (pbk.) :</marc:subfield><marc:subfield code="c">$18.99</marc:subfield></marc:datafield><marc:datafield tag="040" ind1=" " ind2=" "><marc:subfield code="a">DLC</marc:subfield><marc:subfield code="c">DLC</marc:subfield><marc:subfield code="d">DLC</marc:subfield></marc:datafield><marc:datafield tag="050" ind1="0" ind2="0"><marc:subfield code="a">BS476</marc:subfield><marc:subfield code="b">.L64 1994</marc:subfield></marc:datafield><marc:datafield tag="082" ind1="0" ind2="0"><marc:subfield code="a">220.6/7/01</marc:subfield><marc:subfield code="2">20</marc:subfield></marc:datafield><marc:datafield tag="100" ind1="1" ind2=" "><marc:subfield code="a">Long, V. Philips.</marc:subfield></marc:datafield><marc:datafield tag="245" ind1="1" ind2="4"><marc:subfield code="a">The art of biblical history /</marc:subfield><marc:subfield code="c">V. Philips Long.</marc:subfield></marc:datafield><marc:datafield tag="260" ind1=" " ind2=" "><marc:subfield code="a">Grand Rapids, Mich. :</marc:subfield><marc:subfield code="b">Zondervan,</marc:subfield><marc:subfield code="c">c1994.</marc:subfield></marc:datafield><marc:datafield tag="300" ind1=" " ind2=" "><marc:subfield code="a">248 p. ;</marc:subfield><marc:subfield code="c">21 cm.</marc:subfield></marc:datafield><marc:datafield tag="440" ind1=" " ind2="0"><marc:subfield code="a">Foundations of contemporary interpretation ;</marc:subfield><marc:subfield code="v">v. 5</marc:subfield></marc:datafield><marc:datafield tag="504" ind1=" " ind2=" "><marc:subfield code="a">Includes bibliographical references (p. 227-230) and indexes.</marc:subfield></marc:datafield><marc:datafield tag="505" ind1="0" ind2=" "><marc:subfield code="a">History and the Genre(s) of the Bible: Is the Bible a History Book? -- The Bible's Macro-Genre and the Issue of Truth -- The Bible as a Foreign Book -- Genre Criticism and Biblical Interpretation -- Genre Criticism and the Rise of Biblical Poetics -- An Example: Judges 4 and 5 -- History and Fiction: What Is History? -- History-Writing as Representational Art -- History-Writing as a Creative Enterprise -- Characteristics of Successful Representation -- The Adequacy and Authority of Representation -- An Example: Samuel-Kings and Chronicles -- History and Truth: Is Historicity Important? -- &quot;What Is Truth?&quot; -- The Importance of History for Christian Faith -- The (Post-) Enlightenment Challenge to the Importance of History for Faith -- D. F. Strauss and the Demolition of Biblical History -- An Example: &quot;If Jericho Was Not Razed, Is Our Faith in Vain?&quot; -- History and Modern Scholarship: Why Do Scholars Disagree? -- Anti-Theological Tendencies in Some Historical-Critical Approaches -- Anti-Literary Tendencies in Some Social-Scientific Approaches -- Anti-Historical Tendencies in Some Literary Approaches -- An Example: The Emergence of Israel in Canaan Debate -- History and Hermeneutics: How Then Should We Read the Bible &quot;Historically&quot;? -- Preparation: Contemplating Models -- Procedure: Coordinating Methods -- Presentation: Constructing Arguments -- An Extended Example: The Rise of Saul -- Purported Obstacles to a Coherent Literary Reading of Saul's Rise -- Saul's First Charge as a Two-Stage Affair -- &quot;Gapping&quot; as Literary Device and the Gap Between 1 Samuel 10 and 13 -- Making Sense of Saul's Rise -- Good Story, But Is It History?.</marc:subfield></marc:datafield><marc:datafield tag="520" ind1=" " ind2=" "><marc:subfield code="a">This volume is an exploration of both the historical nature of the Bible and the character of biblical history writing. In view of recent trends in biblical studies, the age-old question of the relationship between history and faith must again take center stage in hermeneutical discussion.</marc:subfield></marc:datafield><marc:datafield tag="520" ind1="8" ind2=" "><marc:subfield code="a">The Art of Biblical History seeks to address basic questions that all Bible readers might ask: Is the Bible a history book? What do we mean by &quot;history&quot; anyway? In what sense, if at all, is biblical historicity important to faith? Are there guidelines for discovering what historical truth claims a particular passage may be making?</marc:subfield></marc:datafield><marc:datafield tag="520" ind1="8" ind2=" "><marc:subfield code="a">The discussions take account of both current thinking among biblical scholars and the best insights of secular historians. The result is an attempt to describe biblical history writing as a kind of representational art and to commend a hermeneutical approach that does justice not merely to the historical or literary or theological character of the Bible, but to all three at once.</marc:subfield></marc:datafield><marc:datafield tag="630" ind1="0" ind2="0"><marc:subfield code="a">Bible</marc:subfield><marc:subfield code="x">Hermeneutics.</marc:subfield></marc:datafield><marc:datafield tag="630" ind1="0" ind2="0"><marc:subfield code="a">Bible</marc:subfield><marc:subfield code="x">Historiography.</marc:subfield></marc:datafield><marc:datafield tag="650" ind1=" " ind2="0"><marc:subfield code="a">History</marc:subfield><marc:subfield code="x">Religious aspects</marc:subfield><marc:subfield code="x">Christianity.</marc:subfield></marc:datafield><marc:datafield tag="650" ind1=" " ind2="0"><marc:subfield code="a">Christianity</marc:subfield><marc:subfield code="x">Essence, genius, nature.</marc:subfield></marc:datafield><marc:datafield tag="035" ind1=" " ind2=" "><marc:subfield code="a">(TxDaGIAL)37741100010439</marc:subfield></marc:datafield><marc:controlfield tag="005">20080624154514.0</marc:controlfield><marc:controlfield tag="001">670</marc:controlfield><marc:controlfield tag="003">TxDaGIAL</marc:controlfield><marc:datafield tag="852" ind1=" " ind2=" "><marc:subfield code="p">37741100010439</marc:subfield><marc:subfield code="a">Library</marc:subfield><marc:subfield code="9">$16.52</marc:subfield><marc:subfield code="x">FUND:AL-Tran</marc:subfield><marc:subfield code="x">COPYID:759</marc:subfield><marc:subfield code="x">FSC@aRegular@c19960326</marc:subfield><marc:subfield code="h">220.6701 L849a 1994</marc:subfield><marc:subfield code="z">B/T 2-96</marc:subfield></marc:datafield></marc:record>