
<marc:record><marc:leader>00952cam a2200265 a 4500</marc:leader>
<marc:controlfield tag="008">810219s1981    nyu      b    00110 eng  </marc:controlfield>
<marc:datafield tag="010" ind1=" " ind2=" "><marc:subfield code="a">   80068958 //r85</marc:subfield></marc:datafield><marc:datafield tag="020" ind1=" " ind2=" "><marc:subfield code="a">0465004245 (cloth) :</marc:subfield><marc:subfield code="c">$13.95</marc:subfield></marc:datafield><marc:datafield tag="020" ind1=" " ind2=" "><marc:subfield code="a">046500427X (paper)</marc:subfield></marc:datafield><marc:datafield tag="040" ind1=" " ind2=" "><marc:subfield code="a">DLC</marc:subfield><marc:subfield code="c">DLC</marc:subfield><marc:subfield code="d">DLC</marc:subfield><marc:subfield code="d">TxDaGIAL</marc:subfield></marc:datafield><marc:datafield tag="050" ind1="0" ind2=" "><marc:subfield code="a">BS1171.2</marc:subfield><marc:subfield code="b">.A45</marc:subfield></marc:datafield><marc:datafield tag="082" ind1="0" ind2=" "><marc:subfield code="a">221.4/4</marc:subfield><marc:subfield code="2">19</marc:subfield></marc:datafield><marc:datafield tag="100" ind1="1" ind2="0"><marc:subfield code="a">Alter, Robert.</marc:subfield></marc:datafield><marc:datafield tag="245" ind1="1" ind2="4"><marc:subfield code="a">The art of Biblical narrative /</marc:subfield><marc:subfield code="c">Robert Alter.</marc:subfield></marc:datafield><marc:datafield tag="260" ind1="0" ind2=" "><marc:subfield code="a">New York :</marc:subfield><marc:subfield code="b">Basic Books,</marc:subfield><marc:subfield code="c">c1981.</marc:subfield></marc:datafield><marc:datafield tag="300" ind1=" " ind2=" "><marc:subfield code="a">xii, 195 p. ;</marc:subfield><marc:subfield code="c">24 cm.</marc:subfield></marc:datafield><marc:datafield tag="504" ind1=" " ind2=" "><marc:subfield code="a">Includes bibliographical references and index.</marc:subfield></marc:datafield><marc:datafield tag="630" ind1="0" ind2="0"><marc:subfield code="a">Bible.</marc:subfield><marc:subfield code="p">O.T.</marc:subfield><marc:subfield code="x">Language, Style.</marc:subfield></marc:datafield><marc:datafield tag="650" ind1=" " ind2="0"><marc:subfield code="a">Narration in the Bible.</marc:subfield></marc:datafield><marc:datafield tag="035" ind1=" " ind2=" "><marc:subfield code="a">(TxDaGIAL)37741100002698</marc:subfield></marc:datafield><marc:controlfield tag="005">20080624154515.0</marc:controlfield><marc:controlfield tag="001">671</marc:controlfield><marc:controlfield tag="003">TxDaGIAL</marc:controlfield><marc:datafield tag="852" ind1=" " ind2=" "><marc:subfield code="p">37741100002698</marc:subfield><marc:subfield code="a">Library</marc:subfield><marc:subfield code="x">COPYID:760</marc:subfield><marc:subfield code="x">FSC@aRegular@c19950323</marc:subfield><marc:subfield code="h">221.44 A466a 1981</marc:subfield><marc:subfield code="z">11375, gift Steve Armes</marc:subfield></marc:datafield><marc:datafield tag="852" ind1=" " ind2=" "><marc:subfield code="p">37741100002699</marc:subfield><marc:subfield code="a">Library</marc:subfield><marc:subfield code="x">COPYID:761</marc:subfield><marc:subfield code="x">FSC@aRegular@c19950323</marc:subfield><marc:subfield code="h">221.44 A466a 1981</marc:subfield><marc:subfield code="z">12378</marc:subfield></marc:datafield></marc:record>