
<marc:record><marc:leader>00658cam a22002171i 4500</marc:leader>
<marc:controlfield tag="008">730213s1951    nyua          00000 eng  </marc:controlfield>
<marc:datafield tag="010" ind1=" " ind2=" "><marc:subfield code="a">   51013979 /L/r89</marc:subfield></marc:datafield><marc:datafield tag="040" ind1=" " ind2=" "><marc:subfield code="a">DLC</marc:subfield><marc:subfield code="c">DLC</marc:subfield><marc:subfield code="d">TxDaGIAL</marc:subfield></marc:datafield><marc:datafield tag="050" ind1="1" ind2=" "><marc:subfield code="a">BF455</marc:subfield><marc:subfield code="b">.F57</marc:subfield></marc:datafield><marc:datafield tag="082" ind1=" " ind2=" "><marc:subfield code="a">153</marc:subfield></marc:datafield><marc:datafield tag="100" ind1="1" ind2="0"><marc:subfield code="a">Flesch, Rudolf Franz,</marc:subfield><marc:subfield code="d">1911-</marc:subfield></marc:datafield><marc:datafield tag="245" ind1="1" ind2="4"><marc:subfield code="a">The art of clear thinking /</marc:subfield><marc:subfield code="c">by Rudolf Flesch.</marc:subfield></marc:datafield><marc:datafield tag="260" ind1="0" ind2=" "><marc:subfield code="a">New York :</marc:subfield><marc:subfield code="b">Harper,</marc:subfield><marc:subfield code="c">c1951.</marc:subfield></marc:datafield><marc:datafield tag="300" ind1=" " ind2=" "><marc:subfield code="a">212 p. :</marc:subfield><marc:subfield code="b">illus. ;</marc:subfield><marc:subfield code="c">21 cm.</marc:subfield></marc:datafield><marc:datafield tag="650" ind1=" " ind2="0"><marc:subfield code="a">Thought and thinking.</marc:subfield></marc:datafield><marc:datafield tag="650" ind1=" " ind2="0"><marc:subfield code="a">Logic.</marc:subfield></marc:datafield><marc:datafield tag="035" ind1=" " ind2=" "><marc:subfield code="a">(TxDaGIAL)37741100005754</marc:subfield></marc:datafield><marc:controlfield tag="005">20080624154515.0</marc:controlfield><marc:controlfield tag="001">673</marc:controlfield><marc:controlfield tag="003">TxDaGIAL</marc:controlfield><marc:datafield tag="852" ind1=" " ind2=" "><marc:subfield code="p">37741100005754</marc:subfield><marc:subfield code="a">Library</marc:subfield><marc:subfield code="x">COPYID:763</marc:subfield><marc:subfield code="x">FSC@aRegular@c19950712</marc:subfield><marc:subfield code="h">153 F611a 1951</marc:subfield><marc:subfield code="z">2270</marc:subfield></marc:datafield></marc:record>