
<marc:record><marc:leader>00868cam a2200265 a 4500</marc:leader>
<marc:controlfield tag="008">960829s1997    meu      b    001 0 eng  </marc:controlfield>
<marc:datafield tag="010" ind1=" " ind2=" "><marc:subfield code="a">   96035182</marc:subfield></marc:datafield><marc:datafield tag="020" ind1=" " ind2=" "><marc:subfield code="a">1877864471</marc:subfield></marc:datafield><marc:datafield tag="040" ind1=" " ind2=" "><marc:subfield code="a">DLC</marc:subfield><marc:subfield code="c">DLC</marc:subfield><marc:subfield code="d">DLC</marc:subfield></marc:datafield><marc:datafield tag="050" ind1="0" ind2="0"><marc:subfield code="a">GN517</marc:subfield><marc:subfield code="b">.S74 1997</marc:subfield></marc:datafield><marc:datafield tag="082" ind1="0" ind2="0"><marc:subfield code="a">302/.14</marc:subfield><marc:subfield code="2">20</marc:subfield></marc:datafield><marc:datafield tag="100" ind1="1" ind2=" "><marc:subfield code="a">Storti, Craig.</marc:subfield></marc:datafield><marc:datafield tag="245" ind1="1" ind2="4"><marc:subfield code="a">The art of coming home /</marc:subfield><marc:subfield code="c">Craig Storti.</marc:subfield></marc:datafield><marc:datafield tag="260" ind1=" " ind2=" "><marc:subfield code="a">Yarmouth, Me. :</marc:subfield><marc:subfield code="b">Intercultural Press,</marc:subfield><marc:subfield code="c">c1997.</marc:subfield></marc:datafield><marc:datafield tag="300" ind1=" " ind2=" "><marc:subfield code="a">xii, 201 p. ;</marc:subfield><marc:subfield code="c">22 cm.</marc:subfield></marc:datafield><marc:datafield tag="504" ind1=" " ind2=" "><marc:subfield code="a">Includes bibliographical references (189-194) and index.</marc:subfield></marc:datafield><marc:datafield tag="650" ind1=" " ind2="0"><marc:subfield code="a">Reverse culture shock.</marc:subfield></marc:datafield><marc:datafield tag="650" ind1=" " ind2="0"><marc:subfield code="a">Repatriation.</marc:subfield></marc:datafield><marc:datafield tag="650" ind1=" " ind2="0"><marc:subfield code="a">Social adjustment.</marc:subfield></marc:datafield><marc:datafield tag="650" ind1=" " ind2="0"><marc:subfield code="a">Cross-cultural orientation.</marc:subfield></marc:datafield><marc:datafield tag="035" ind1=" " ind2=" "><marc:subfield code="a">(TxDaGIAL)37741100021013</marc:subfield></marc:datafield><marc:controlfield tag="005">20080624154515.0</marc:controlfield><marc:controlfield tag="001">674</marc:controlfield><marc:controlfield tag="003">TxDaGIAL</marc:controlfield><marc:datafield tag="852" ind1=" " ind2=" "><marc:subfield code="p">37741100021013</marc:subfield><marc:subfield code="a">Library</marc:subfield><marc:subfield code="9">$15.62</marc:subfield><marc:subfield code="x">FUND:ICC/ICT</marc:subfield><marc:subfield code="x">COPYID:764</marc:subfield><marc:subfield code="x">FSC@aRegular@c19971017</marc:subfield><marc:subfield code="h">302.14 S886a 1997</marc:subfield><marc:subfield code="z">B/T 10-97</marc:subfield></marc:datafield></marc:record>