
<marc:record><marc:leader>00664nam a22002291  4500</marc:leader>
<marc:controlfield tag="008">730208s1956    nyu           00000 eng  </marc:controlfield>
<marc:datafield tag="010" ind1=" " ind2=" "><marc:subfield code="a">   56008750 /L</marc:subfield></marc:datafield><marc:datafield tag="040" ind1=" " ind2=" "><marc:subfield code="a">DLC</marc:subfield><marc:subfield code="c">DLC</marc:subfield><marc:subfield code="d">TxDaGIAL</marc:subfield></marc:datafield><marc:datafield tag="050" ind1="0" ind2=" "><marc:subfield code="a">HQ33</marc:subfield><marc:subfield code="b">.F77</marc:subfield></marc:datafield><marc:datafield tag="082" ind1=" " ind2=" "><marc:subfield code="a">392</marc:subfield><marc:subfield code="a">301.42*</marc:subfield></marc:datafield><marc:datafield tag="100" ind1="1" ind2="0"><marc:subfield code="a">Fromm, Erich,</marc:subfield><marc:subfield code="d">1900-</marc:subfield></marc:datafield><marc:datafield tag="245" ind1="1" ind2="4"><marc:subfield code="a">The art of loving /</marc:subfield><marc:subfield code="c">by Erich Fromm.</marc:subfield></marc:datafield><marc:datafield tag="250" ind1=" " ind2=" "><marc:subfield code="a">[1st ed.].</marc:subfield></marc:datafield><marc:datafield tag="260" ind1="0" ind2=" "><marc:subfield code="a">New York :</marc:subfield><marc:subfield code="b">Harper,</marc:subfield><marc:subfield code="c">[1956]</marc:subfield></marc:datafield><marc:datafield tag="300" ind1=" " ind2=" "><marc:subfield code="a">133 p. ;</marc:subfield><marc:subfield code="c">20 cm.</marc:subfield></marc:datafield><marc:datafield tag="490" ind1="0" ind2=" "><marc:subfield code="a">World perspectives, v. 9</marc:subfield></marc:datafield><marc:datafield tag="650" ind1=" " ind2="0"><marc:subfield code="a">Love.</marc:subfield></marc:datafield><marc:datafield tag="035" ind1=" " ind2=" "><marc:subfield code="a">(TxDaGIAL)37741100007827</marc:subfield></marc:datafield><marc:controlfield tag="005">20080624154515.0</marc:controlfield><marc:controlfield tag="001">675</marc:controlfield><marc:controlfield tag="003">TxDaGIAL</marc:controlfield><marc:datafield tag="852" ind1=" " ind2=" "><marc:subfield code="p">37741100007827</marc:subfield><marc:subfield code="a">Library</marc:subfield><marc:subfield code="x">COPYID:765</marc:subfield><marc:subfield code="x">FSC@aRegular@c19950907</marc:subfield><marc:subfield code="h">302.3 F935 1956</marc:subfield><marc:subfield code="z">5421</marc:subfield></marc:datafield></marc:record>