
<marc:record><marc:leader>00882nam a2200265 i 4500</marc:leader>
<marc:controlfield tag="008">760928s1976    txu      b    00110 eng  </marc:controlfield>
<marc:datafield tag="010" ind1=" " ind2=" "><marc:subfield code="a">   76009563</marc:subfield></marc:datafield><marc:datafield tag="020" ind1=" " ind2=" "><marc:subfield code="a">0876804733 :</marc:subfield><marc:subfield code="c">$6.95</marc:subfield></marc:datafield><marc:datafield tag="040" ind1=" " ind2=" "><marc:subfield code="a">DLC</marc:subfield><marc:subfield code="c">DLC</marc:subfield></marc:datafield><marc:datafield tag="050" ind1="0" ind2=" "><marc:subfield code="a">BV652.1</marc:subfield><marc:subfield code="b">.E52</marc:subfield></marc:datafield><marc:datafield tag="082" ind1=" " ind2=" "><marc:subfield code="a">658/.91/25</marc:subfield></marc:datafield><marc:datafield tag="100" ind1="1" ind2="0"><marc:subfield code="a">Engstrom, Theodore Wilhelm,</marc:subfield><marc:subfield code="d">1916-</marc:subfield></marc:datafield><marc:datafield tag="245" ind1="1" ind2="4"><marc:subfield code="a">The art of management for Christian leaders /</marc:subfield><marc:subfield code="c">Ted W. Engstrom and Edward R. Dayton.</marc:subfield></marc:datafield><marc:datafield tag="260" ind1="0" ind2=" "><marc:subfield code="a">Waco, Tex. :</marc:subfield><marc:subfield code="b">Word Books,</marc:subfield><marc:subfield code="c">c1976.</marc:subfield></marc:datafield><marc:datafield tag="300" ind1=" " ind2=" "><marc:subfield code="a">285 p. ;</marc:subfield><marc:subfield code="c">23 cm.</marc:subfield></marc:datafield><marc:datafield tag="504" ind1=" " ind2=" "><marc:subfield code="a">Bibliography: p. 283-285.</marc:subfield></marc:datafield><marc:datafield tag="500" ind1=" " ind2=" "><marc:subfield code="a">Includes index.</marc:subfield></marc:datafield><marc:datafield tag="650" ind1=" " ind2="0"><marc:subfield code="a">Christian leadership.</marc:subfield></marc:datafield><marc:datafield tag="650" ind1=" " ind2="0"><marc:subfield code="a">Church management.</marc:subfield></marc:datafield><marc:datafield tag="700" ind1="1" ind2="0"><marc:subfield code="a">Dayton, Edward R.,</marc:subfield><marc:subfield code="e">joint author.</marc:subfield></marc:datafield><marc:datafield tag="035" ind1=" " ind2=" "><marc:subfield code="a">(TxDaGIAL)37741100005480</marc:subfield></marc:datafield><marc:controlfield tag="005">20080624154516.0</marc:controlfield><marc:controlfield tag="001">676</marc:controlfield><marc:controlfield tag="003">TxDaGIAL</marc:controlfield><marc:datafield tag="852" ind1=" " ind2=" "><marc:subfield code="p">37741100005480</marc:subfield><marc:subfield code="a">Library</marc:subfield><marc:subfield code="x">COPYID:766</marc:subfield><marc:subfield code="x">FSC@aRegular@c19950704</marc:subfield><marc:subfield code="h">658.9125 E58a 1976</marc:subfield><marc:subfield code="z">James Link gift 7854</marc:subfield></marc:datafield></marc:record>