
<marc:record><marc:leader>00754cam a22002291i 4500</marc:leader>
<marc:controlfield tag="008">730529s1949    nyua     b    00000 eng  </marc:controlfield>
<marc:datafield tag="010" ind1=" " ind2=" "><marc:subfield code="a">   49005435</marc:subfield></marc:datafield><marc:datafield tag="040" ind1=" " ind2=" "><marc:subfield code="a">DLC</marc:subfield><marc:subfield code="c">DLC</marc:subfield></marc:datafield><marc:datafield tag="050" ind1="0" ind2=" "><marc:subfield code="a">PE1408</marc:subfield><marc:subfield code="b">.F4773</marc:subfield></marc:datafield><marc:datafield tag="082" ind1=" " ind2=" "><marc:subfield code="a">808</marc:subfield></marc:datafield><marc:datafield tag="100" ind1="1" ind2="0"><marc:subfield code="a">Flesch, Rudolf Franz,</marc:subfield><marc:subfield code="d">1911-</marc:subfield></marc:datafield><marc:datafield tag="245" ind1="1" ind2="4"><marc:subfield code="a">The art of readable writing. /</marc:subfield><marc:subfield code="c">Foreword by Alan J. Gould.</marc:subfield></marc:datafield><marc:datafield tag="250" ind1=" " ind2=" "><marc:subfield code="a">[1st ed.].</marc:subfield></marc:datafield><marc:datafield tag="260" ind1="0" ind2=" "><marc:subfield code="a">New York :</marc:subfield><marc:subfield code="b">Harper,</marc:subfield><marc:subfield code="c">c1949.</marc:subfield></marc:datafield><marc:datafield tag="300" ind1=" " ind2=" "><marc:subfield code="a">xiv, 237 p. :</marc:subfield><marc:subfield code="b">illus. ;</marc:subfield><marc:subfield code="c">21 cm.</marc:subfield></marc:datafield><marc:datafield tag="504" ind1=" " ind2=" "><marc:subfield code="a">&quot;Reading list&quot;: p. 217-218. &quot;Notes&quot; (bibliographical): p. 219-228.</marc:subfield></marc:datafield><marc:datafield tag="650" ind1=" " ind2="0"><marc:subfield code="a">English language</marc:subfield><marc:subfield code="x">Rhetoric.</marc:subfield></marc:datafield><marc:datafield tag="035" ind1=" " ind2=" "><marc:subfield code="a">(TxDaGIAL)37741100005952</marc:subfield></marc:datafield><marc:controlfield tag="005">20080624154516.0</marc:controlfield><marc:controlfield tag="001">677</marc:controlfield><marc:controlfield tag="003">TxDaGIAL</marc:controlfield><marc:datafield tag="852" ind1=" " ind2=" "><marc:subfield code="p">37741100005952</marc:subfield><marc:subfield code="a">Library</marc:subfield><marc:subfield code="x">COPYID:767</marc:subfield><marc:subfield code="x">FSC@aRegular@c19950724</marc:subfield><marc:subfield code="h">808 F611a 1949</marc:subfield><marc:subfield code="z">2073</marc:subfield></marc:datafield></marc:record>