
<marc:record><marc:leader>00921pam a2200277 a 4500</marc:leader>
<marc:controlfield tag="008">840807s1985    txua     b   s00110 eng  </marc:controlfield>
<marc:datafield tag="010" ind1=" " ind2=" "><marc:subfield code="a">   84017383</marc:subfield></marc:datafield><marc:datafield tag="020" ind1=" " ind2=" "><marc:subfield code="a">0292703678</marc:subfield></marc:datafield><marc:datafield tag="040" ind1=" " ind2=" "><marc:subfield code="a">DLC</marc:subfield><marc:subfield code="c">DLC</marc:subfield><marc:subfield code="d">TxDaGIAL</marc:subfield></marc:datafield><marc:datafield tag="050" ind1="0" ind2=" "><marc:subfield code="a">BP131.6</marc:subfield><marc:subfield code="b">.N44 1985</marc:subfield></marc:datafield><marc:datafield tag="082" ind1="0" ind2=" "><marc:subfield code="a">297/.122</marc:subfield><marc:subfield code="2">19</marc:subfield></marc:datafield><marc:datafield tag="100" ind1="1" ind2="0"><marc:subfield code="a">Nelson, Kristina,</marc:subfield><marc:subfield code="d">1945-</marc:subfield></marc:datafield><marc:datafield tag="245" ind1="1" ind2="4"><marc:subfield code="a">The art of reciting the Qur'an /</marc:subfield><marc:subfield code="c">Kristina Nelson.</marc:subfield></marc:datafield><marc:datafield tag="250" ind1=" " ind2=" "><marc:subfield code="a">1st ed.</marc:subfield></marc:datafield><marc:datafield tag="260" ind1="0" ind2=" "><marc:subfield code="a">Austin :</marc:subfield><marc:subfield code="b">University of Texas Press,</marc:subfield><marc:subfield code="c">1985.</marc:subfield></marc:datafield><marc:datafield tag="300" ind1=" " ind2=" "><marc:subfield code="a">xxviii, 241 p. :</marc:subfield><marc:subfield code="b">ill., music ;</marc:subfield><marc:subfield code="c">24 cm.</marc:subfield></marc:datafield><marc:datafield tag="490" ind1="1" ind2=" "><marc:subfield code="a">Modern Middle East series ;</marc:subfield><marc:subfield code="v">no. 11</marc:subfield></marc:datafield><marc:datafield tag="504" ind1=" " ind2=" "><marc:subfield code="a">Bibliography: p. [225]-234.</marc:subfield></marc:datafield><marc:datafield tag="500" ind1=" " ind2=" "><marc:subfield code="a">Includes index.</marc:subfield></marc:datafield><marc:datafield tag="630" ind1="0" ind2="0"><marc:subfield code="a">Koran</marc:subfield><marc:subfield code="x">Recitation.</marc:subfield></marc:datafield><marc:datafield tag="830" ind1=" " ind2="0"><marc:subfield code="a">Modern Middle East series (Austin, Tex.) ;</marc:subfield><marc:subfield code="v">no. 11.</marc:subfield></marc:datafield><marc:datafield tag="035" ind1=" " ind2=" "><marc:subfield code="a">(TxDaGIAL)37741100000931</marc:subfield></marc:datafield><marc:controlfield tag="005">20080624154516.0</marc:controlfield><marc:controlfield tag="001">678</marc:controlfield><marc:controlfield tag="003">TxDaGIAL</marc:controlfield><marc:datafield tag="852" ind1=" " ind2=" "><marc:subfield code="p">37741100000931</marc:subfield><marc:subfield code="a">Library</marc:subfield><marc:subfield code="x">COPYID:768</marc:subfield><marc:subfield code="x">FSC@aRegular@c19950104</marc:subfield><marc:subfield code="h">297.122 N427 1985</marc:subfield><marc:subfield code="z">12411</marc:subfield></marc:datafield></marc:record>