
<marc:record><marc:leader>00858nam a2200265 a 4500</marc:leader>
<marc:controlfield tag="008">881205q19541959nyu      b    00110 eng d</marc:controlfield>
<marc:datafield tag="020" ind1=" " ind2=" "><marc:subfield code="c">$1.45</marc:subfield></marc:datafield><marc:datafield tag="040" ind1=" " ind2=" "><marc:subfield code="a">DLC</marc:subfield><marc:subfield code="c">DLC</marc:subfield></marc:datafield><marc:datafield tag="050" ind1="0" ind2=" "><marc:subfield code="a">LB1025</marc:subfield><marc:subfield code="b">.H63</marc:subfield></marc:datafield><marc:datafield tag="082" ind1="0" ind2=" "><marc:subfield code="a">371.1/02</marc:subfield><marc:subfield code="2">19</marc:subfield></marc:datafield><marc:datafield tag="100" ind1="1" ind2="0"><marc:subfield code="a">Highet, Gilbert,</marc:subfield><marc:subfield code="d">1906-1978.</marc:subfield></marc:datafield><marc:datafield tag="245" ind1="1" ind2="4"><marc:subfield code="a">The art of teaching /</marc:subfield><marc:subfield code="c">Gilbert Highet.</marc:subfield></marc:datafield><marc:datafield tag="250" ind1=" " ind2=" "><marc:subfield code="a">Vintage Books ed.</marc:subfield></marc:datafield><marc:datafield tag="260" ind1="0" ind2=" "><marc:subfield code="a">New York :</marc:subfield><marc:subfield code="b">Vintage Books,</marc:subfield><marc:subfield code="c">[between 1954 and 1959]</marc:subfield></marc:datafield><marc:datafield tag="300" ind1=" " ind2=" "><marc:subfield code="a">xvii, 259 p., viii, [4] p. ;</marc:subfield><marc:subfield code="c">19 cm.</marc:subfield></marc:datafield><marc:datafield tag="490" ind1="0" ind2=" "><marc:subfield code="a">Vintage books ;</marc:subfield><marc:subfield code="v">V-1</marc:subfield></marc:datafield><marc:datafield tag="500" ind1=" " ind2=" "><marc:subfield code="a">Reprint. Originally published: New York : Knopf, 1950.</marc:subfield></marc:datafield><marc:datafield tag="504" ind1=" " ind2=" "><marc:subfield code="a">Bibliography: p. [251]-259.</marc:subfield></marc:datafield><marc:datafield tag="500" ind1=" " ind2=" "><marc:subfield code="a">Includes index.</marc:subfield></marc:datafield><marc:datafield tag="650" ind1=" " ind2="0"><marc:subfield code="a">Teaching.</marc:subfield></marc:datafield><marc:datafield tag="035" ind1=" " ind2=" "><marc:subfield code="a">(TxDaGIAL)37741100008557</marc:subfield></marc:datafield><marc:controlfield tag="005">20080624154516.0</marc:controlfield><marc:controlfield tag="001">679</marc:controlfield><marc:controlfield tag="003">TxDaGIAL</marc:controlfield><marc:datafield tag="852" ind1=" " ind2=" "><marc:subfield code="p">37741100008557</marc:subfield><marc:subfield code="a">Library</marc:subfield><marc:subfield code="x">COPYID:769</marc:subfield><marc:subfield code="x">FSC@aRegular@c19950928</marc:subfield><marc:subfield code="h">371.102 H638a 1954</marc:subfield><marc:subfield code="z">6525</marc:subfield></marc:datafield></marc:record>