
<marc:record><marc:leader>00756nam a2200217 a 4500</marc:leader>
<marc:controlfield tag="008">731001s1966    mau      b    00000 eng d</marc:controlfield>
<marc:datafield tag="010" ind1=" " ind2=" "><marc:subfield code="a">   67013425</marc:subfield></marc:datafield><marc:datafield tag="050" ind1="0" ind2=" "><marc:subfield code="a">PN241</marc:subfield><marc:subfield code="b">.S4 1966</marc:subfield></marc:datafield><marc:datafield tag="082" ind1=" " ind2=" "><marc:subfield code="a">418/.02</marc:subfield></marc:datafield><marc:datafield tag="100" ind1="1" ind2="0"><marc:subfield code="a">Selver, Paul,</marc:subfield><marc:subfield code="d">1888-</marc:subfield></marc:datafield><marc:datafield tag="245" ind1="1" ind2="4"><marc:subfield code="a">The art of translating poetry. /</marc:subfield><marc:subfield code="c">by Paul Selver.</marc:subfield></marc:datafield><marc:datafield tag="260" ind1="0" ind2=" "><marc:subfield code="a">Boston :</marc:subfield><marc:subfield code="b">The Writer,</marc:subfield><marc:subfield code="c">1966.</marc:subfield></marc:datafield><marc:datafield tag="300" ind1=" " ind2=" "><marc:subfield code="a">122 p. ;</marc:subfield><marc:subfield code="c">21 cm.</marc:subfield></marc:datafield><marc:datafield tag="504" ind1=" " ind2=" "><marc:subfield code="a">Bibliography: p. [118]-122.</marc:subfield></marc:datafield><marc:datafield tag="650" ind1=" " ind2="0"><marc:subfield code="a">Poetry</marc:subfield><marc:subfield code="x">Translating.</marc:subfield></marc:datafield><marc:datafield tag="035" ind1=" " ind2=" "><marc:subfield code="a">(TxDaGIAL)37741100004901</marc:subfield></marc:datafield><marc:controlfield tag="005">20080624154516.0</marc:controlfield><marc:controlfield tag="001">680</marc:controlfield><marc:controlfield tag="003">TxDaGIAL</marc:controlfield><marc:datafield tag="852" ind1=" " ind2=" "><marc:subfield code="p">37741100004901</marc:subfield><marc:subfield code="a">Library</marc:subfield><marc:subfield code="x">COPYID:770</marc:subfield><marc:subfield code="x">FSC@aRegular@c19950612</marc:subfield><marc:subfield code="h">418.02 S469a 1966</marc:subfield><marc:subfield code="z">1107</marc:subfield></marc:datafield><marc:datafield tag="852" ind1=" " ind2=" "><marc:subfield code="p">37741100004902</marc:subfield><marc:subfield code="a">Library</marc:subfield><marc:subfield code="b">John Beekman Tran Li</marc:subfield><marc:subfield code="x">COPYID:771</marc:subfield><marc:subfield code="x">FSC@aRegular@c19950612</marc:subfield><marc:subfield code="h">418.02 S469a 1966</marc:subfield><marc:subfield code="z">7669</marc:subfield></marc:datafield></marc:record>