
<marc:record><marc:leader>00632nam a2200205   4500</marc:leader>
<marc:controlfield tag="008">700224s1970    miu           00010 eng  </marc:controlfield>
<marc:datafield tag="010" ind1=" " ind2=" "><marc:subfield code="a">   74095047</marc:subfield></marc:datafield><marc:datafield tag="040" ind1=" " ind2=" "><marc:subfield code="a">DLC</marc:subfield><marc:subfield code="c">DLC</marc:subfield><marc:subfield code="d">TxDaGIAL</marc:subfield></marc:datafield><marc:datafield tag="050" ind1="0" ind2=" "><marc:subfield code="a">HQ734</marc:subfield><marc:subfield code="b">.O72</marc:subfield></marc:datafield><marc:datafield tag="082" ind1=" " ind2=" "><marc:subfield code="a">301.42/6</marc:subfield></marc:datafield><marc:datafield tag="100" ind1="1" ind2="0"><marc:subfield code="a">Osborne, Cecil G.</marc:subfield></marc:datafield><marc:datafield tag="245" ind1="1" ind2="4"><marc:subfield code="a">The art of understanding your mate /</marc:subfield><marc:subfield code="c">by Cecil G. Osborne.</marc:subfield></marc:datafield><marc:datafield tag="260" ind1="0" ind2=" "><marc:subfield code="a">Grand Rapids :</marc:subfield><marc:subfield code="b">Zondervan Pub. House,</marc:subfield><marc:subfield code="c">[1970]</marc:subfield></marc:datafield><marc:datafield tag="300" ind1=" " ind2=" "><marc:subfield code="a">192 p. ;</marc:subfield><marc:subfield code="c">23 cm.</marc:subfield></marc:datafield><marc:datafield tag="650" ind1=" " ind2="0"><marc:subfield code="a">Marriage.</marc:subfield></marc:datafield><marc:datafield tag="035" ind1=" " ind2=" "><marc:subfield code="a">(TxDaGIAL)37741100007833</marc:subfield></marc:datafield><marc:controlfield tag="005">20080624154517.0</marc:controlfield><marc:controlfield tag="001">682</marc:controlfield><marc:controlfield tag="003">TxDaGIAL</marc:controlfield><marc:datafield tag="852" ind1=" " ind2=" "><marc:subfield code="p">37741100007833</marc:subfield><marc:subfield code="a">Library</marc:subfield><marc:subfield code="x">COPYID:774</marc:subfield><marc:subfield code="x">FSC@aRegular@c19950907</marc:subfield><marc:subfield code="h">306.81 O81a 1970</marc:subfield><marc:subfield code="z">3567</marc:subfield></marc:datafield></marc:record>