
<marc:record><marc:leader>00799cam a2200229 i 4500</marc:leader>
<marc:controlfield tag="008">820614s1977    nyu           00110 eng d</marc:controlfield>
<marc:datafield tag="040" ind1=" " ind2=" "><marc:subfield code="c">CU-UC</marc:subfield><marc:subfield code="d">TxDaGIAL</marc:subfield></marc:datafield><marc:datafield tag="100" ind1="1" ind2="0"><marc:subfield code="a">Orlich, Donald C.</marc:subfield></marc:datafield><marc:datafield tag="245" ind1="1" ind2="4"><marc:subfield code="a">The art of writing successful R &amp; D proposals /</marc:subfield><marc:subfield code="c">Donald C. Orlich and Patricia Rend Orlich.</marc:subfield></marc:datafield><marc:datafield tag="260" ind1="0" ind2=" "><marc:subfield code="a">Pleasantville, N.Y. :</marc:subfield><marc:subfield code="b">Redgrave Pub. Co.,</marc:subfield><marc:subfield code="c">c1977.</marc:subfield></marc:datafield><marc:datafield tag="300" ind1=" " ind2=" "><marc:subfield code="a">ix, 73 p. ;</marc:subfield><marc:subfield code="c">19 x 22 cm.</marc:subfield></marc:datafield><marc:datafield tag="500" ind1=" " ind2=" "><marc:subfield code="a">Includes index.</marc:subfield></marc:datafield><marc:datafield tag="546" ind1=" " ind2=" "><marc:subfield code="a">English.</marc:subfield></marc:datafield><marc:datafield tag="650" ind1=" " ind2="0"><marc:subfield code="a">Research grants.</marc:subfield></marc:datafield><marc:datafield tag="650" ind1=" " ind2="0"><marc:subfield code="a">Proposal writing in the social sciences.</marc:subfield></marc:datafield><marc:datafield tag="650" ind1=" " ind2="0"><marc:subfield code="a">Fund raising.</marc:subfield></marc:datafield><marc:datafield tag="700" ind1="1" ind2="0"><marc:subfield code="a">Orlich, Patricia Rend,</marc:subfield><marc:subfield code="e">joint author.</marc:subfield></marc:datafield><marc:datafield tag="035" ind1=" " ind2=" "><marc:subfield code="a">(TxDaGIAL)37741100014116</marc:subfield></marc:datafield><marc:controlfield tag="005">20080624154517.0</marc:controlfield><marc:controlfield tag="001">683</marc:controlfield><marc:controlfield tag="003">TxDaGIAL</marc:controlfield><marc:datafield tag="852" ind1=" " ind2=" "><marc:subfield code="p">37741100014116</marc:subfield><marc:subfield code="a">Library</marc:subfield><marc:subfield code="x">COPYID:775</marc:subfield><marc:subfield code="x">FSC@aRegular@c19961211</marc:subfield><marc:subfield code="h">808.066 O71a 1977</marc:subfield><marc:subfield code="z">5629</marc:subfield></marc:datafield></marc:record>