
<marc:record><marc:leader>00703nam a22001697a 4500</marc:leader>
<marc:controlfield tag="008">970721s1941    dcu           000 0 eng d</marc:controlfield>
<marc:datafield tag="040" ind1=" " ind2=" "><marc:subfield code="a">TxDaGIAL</marc:subfield><marc:subfield code="c">TxDaGIAL</marc:subfield></marc:datafield><marc:datafield tag="100" ind1="1" ind2=" "><marc:subfield code="a">Speck, Frank Gouldsmith,</marc:subfield><marc:subfield code="d">1881-1950.</marc:subfield></marc:datafield><marc:datafield tag="245" ind1="1" ind2="0"><marc:subfield code="a">Art processes in birchbark of the River Desert Algonquin a circumboreal trait /</marc:subfield><marc:subfield code="c">by Frank G. Speck.</marc:subfield></marc:datafield><marc:datafield tag="260" ind1=" " ind2=" "><marc:subfield code="a">Washington, D.C. :</marc:subfield><marc:subfield code="b">U.S.G.P.O.,</marc:subfield><marc:subfield code="c">1941.</marc:subfield></marc:datafield><marc:datafield tag="300" ind1=" " ind2=" "><marc:subfield code="a">p.231-274 :</marc:subfield><marc:subfield code="b">ill., plates ;</marc:subfield><marc:subfield code="c">24 cm.</marc:subfield></marc:datafield><marc:datafield tag="440" ind1=" " ind2="0"><marc:subfield code="a">Smithsonian institution.</marc:subfield><marc:subfield code="p">Bureau of American Ethnology ;</marc:subfield><marc:subfield code="v">bulletin 128 (p. 231-274)</marc:subfield></marc:datafield><marc:datafield tag="035" ind1=" " ind2=" "><marc:subfield code="a">(TxDaGIAL)37741100019144</marc:subfield></marc:datafield><marc:controlfield tag="005">20080624154517.0</marc:controlfield><marc:controlfield tag="001">684</marc:controlfield><marc:controlfield tag="003">TxDaGIAL</marc:controlfield><marc:datafield tag="852" ind1=" " ind2=" "><marc:subfield code="p">37741100019144</marc:subfield><marc:subfield code="a">Library</marc:subfield><marc:subfield code="x">COPYID:776</marc:subfield><marc:subfield code="x">FSC@aRegular@c19970723</marc:subfield><marc:subfield code="h">306.05 S664b 128a 1941</marc:subfield><marc:subfield code="z">2461</marc:subfield></marc:datafield></marc:record>