
<marc:record><marc:leader>00693nam a2200181Ia 4500</marc:leader>
<marc:controlfield tag="008">841011s1978    bo       b    00010 spa d</marc:controlfield>
<marc:datafield tag="040" ind1=" " ind2=" "><marc:subfield code="a">TxDaGIAL</marc:subfield><marc:subfield code="c">TxDaGIAL</marc:subfield></marc:datafield><marc:datafield tag="100" ind1="1" ind2="0"><marc:subfield code="a">Ott, Willis.</marc:subfield></marc:datafield><marc:datafield tag="245" ind1="1" ind2="3"><marc:subfield code="a">El arte de traducir el Nuevo Testamento :</marc:subfield><marc:subfield code="b">libro de estudio /</marc:subfield><marc:subfield code="c">preparado por Willis Ott.</marc:subfield></marc:datafield><marc:datafield tag="260" ind1="0" ind2=" "><marc:subfield code="a">Riberalta, Beni, Bolivia :</marc:subfield><marc:subfield code="b">Instituto Lingstico de Verano,</marc:subfield><marc:subfield code="c">1978.</marc:subfield></marc:datafield><marc:datafield tag="300" ind1=" " ind2=" "><marc:subfield code="a">81 p. ;</marc:subfield><marc:subfield code="c">26 cm. +</marc:subfield><marc:subfield code="e">1 teacher's guide.</marc:subfield></marc:datafield><marc:datafield tag="546" ind1=" " ind2=" "><marc:subfield code="a">Spanish.</marc:subfield></marc:datafield><marc:datafield tag="630" ind1="0" ind2="0"><marc:subfield code="a">Bible</marc:subfield><marc:subfield code="x">Translating.</marc:subfield></marc:datafield><marc:datafield tag="035" ind1=" " ind2=" "><marc:subfield code="a">(TxDaGIAL)37741100020155</marc:subfield></marc:datafield><marc:controlfield tag="005">20080624154517.0</marc:controlfield><marc:controlfield tag="001">685</marc:controlfield><marc:controlfield tag="003">TxDaGIAL</marc:controlfield><marc:datafield tag="852" ind1=" " ind2=" "><marc:subfield code="p">37741100020155</marc:subfield><marc:subfield code="a">Library</marc:subfield><marc:subfield code="b">John Beekman Tran Li</marc:subfield><marc:subfield code="x">COPYID:777</marc:subfield><marc:subfield code="x">FSC@aRegular@c19970912</marc:subfield><marc:subfield code="h">220.5 O89a 1978</marc:subfield><marc:subfield code="z">7412 J. Beekman gift</marc:subfield></marc:datafield></marc:record>