
<marc:record><marc:leader>00903nam a2200253Ii 4500</marc:leader>
<marc:controlfield tag="008">791113q19501959xx            000 0 por  </marc:controlfield>
<marc:datafield tag="010" ind1=" " ind2=" "><marc:subfield code="a">   53015513 /L</marc:subfield></marc:datafield><marc:datafield tag="035" ind1=" " ind2=" "><marc:subfield code="a">(CU-UC)3697698</marc:subfield></marc:datafield><marc:datafield tag="040" ind1=" " ind2=" "><marc:subfield code="a">DLC</marc:subfield><marc:subfield code="c">TJC</marc:subfield><marc:subfield code="d">m.c.</marc:subfield><marc:subfield code="d">CU-Riv</marc:subfield></marc:datafield><marc:datafield tag="050" ind1="0" ind2=" "><marc:subfield code="a">F2520.1.C3</marc:subfield><marc:subfield code="b">R49</marc:subfield></marc:datafield><marc:datafield tag="100" ind1="1" ind2=" "><marc:subfield code="a">Ribeiro, Darcy.</marc:subfield></marc:datafield><marc:datafield tag="245" ind1="1" ind2="2"><marc:subfield code="a">A arte dos ndios kadieuu.</marc:subfield></marc:datafield><marc:datafield tag="260" ind1=" " ind2=" "><marc:subfield code="a">[Rio de Janeiro] :</marc:subfield><marc:subfield code="b">Servio de Documentao, Ministrio da Educao e Sade,</marc:subfield><marc:subfield code="c">[195-]</marc:subfield></marc:datafield><marc:datafield tag="300" ind1=" " ind2=" "><marc:subfield code="a">147-190 p. :</marc:subfield><marc:subfield code="b">illus. ;</marc:subfield><marc:subfield code="c">25 cm.</marc:subfield></marc:datafield><marc:datafield tag="500" ind1=" " ind2=" "><marc:subfield code="a">&quot;Separata da revista Cultura para a Seo de Estudos do Servio de Proteo aos Indios.&quot;</marc:subfield></marc:datafield><marc:datafield tag="504" ind1=" " ind2=" "><marc:subfield code="a">Bibliography: p. 186-187.</marc:subfield></marc:datafield><marc:datafield tag="546" ind1=" " ind2=" "><marc:subfield code="a">Portuguese.</marc:subfield></marc:datafield><marc:datafield tag="650" ind1=" " ind2="0"><marc:subfield code="a">Caduveo art.</marc:subfield></marc:datafield><marc:datafield tag="650" ind1=" " ind2="0"><marc:subfield code="a">Indians of South America</marc:subfield><marc:subfield code="z">Brazil.</marc:subfield></marc:datafield><marc:datafield tag="035" ind1=" " ind2=" "><marc:subfield code="a">(TxDaGIAL)37741100019451</marc:subfield></marc:datafield><marc:controlfield tag="005">20080624154517.0</marc:controlfield><marc:controlfield tag="001">686</marc:controlfield><marc:controlfield tag="003">TxDaGIAL</marc:controlfield><marc:datafield tag="852" ind1=" " ind2=" "><marc:subfield code="p">37741100019451</marc:subfield><marc:subfield code="a">Library</marc:subfield><marc:subfield code="x">COPYID:778</marc:subfield><marc:subfield code="x">FSC@aRegular@c19970805</marc:subfield><marc:subfield code="h">981 R482a 1956</marc:subfield></marc:datafield></marc:record>