
<marc:record><marc:leader>00925nam a2200265 i 4500</marc:leader>
<marc:controlfield tag="008">901103s1981    bo       b    00010 spa d</marc:controlfield>
<marc:datafield tag="040" ind1=" " ind2=" "><marc:subfield code="d">TxDaGIAL</marc:subfield></marc:datafield><marc:datafield tag="100" ind1="1" ind2="0"><marc:subfield code="a">Paredes, M. Rigoberto</marc:subfield><marc:subfield code="q">(Manuel Rigoberto)</marc:subfield></marc:datafield><marc:datafield tag="245" ind1="1" ind2="3"><marc:subfield code="a">El arte folklrico de Bolivia /</marc:subfield><marc:subfield code="c">M. Rigoberto Paredes.</marc:subfield></marc:datafield><marc:datafield tag="250" ind1=" " ind2=" "><marc:subfield code="a">sexta edicin.</marc:subfield></marc:datafield><marc:datafield tag="260" ind1="0" ind2=" "><marc:subfield code="a">La Paz :</marc:subfield><marc:subfield code="b">Libreria-Editorial Popular,</marc:subfield><marc:subfield code="c">1981.</marc:subfield></marc:datafield><marc:datafield tag="300" ind1=" " ind2=" "><marc:subfield code="a">269 p. ;</marc:subfield><marc:subfield code="c">19 cm.</marc:subfield></marc:datafield><marc:datafield tag="500" ind1=" " ind2=" "><marc:subfield code="a">First ed. published in 1913 under title: El arte en la Altiplanicie.</marc:subfield></marc:datafield><marc:datafield tag="504" ind1=" " ind2=" "><marc:subfield code="a">Includes bibliographical references.</marc:subfield></marc:datafield><marc:datafield tag="546" ind1=" " ind2=" "><marc:subfield code="a">Spanish.</marc:subfield></marc:datafield><marc:datafield tag="650" ind1=" " ind2="0"><marc:subfield code="a">Folk music</marc:subfield><marc:subfield code="z">Bolivia.</marc:subfield></marc:datafield><marc:datafield tag="650" ind1=" " ind2="0"><marc:subfield code="a">Musical instruments</marc:subfield><marc:subfield code="z">Bolivia.</marc:subfield></marc:datafield><marc:datafield tag="650" ind1=" " ind2="0"><marc:subfield code="a">Dance</marc:subfield><marc:subfield code="z">Bolivia.</marc:subfield></marc:datafield><marc:datafield tag="650" ind1=" " ind2="0"><marc:subfield code="a">Bolivian literature.</marc:subfield></marc:datafield><marc:datafield tag="740" ind1="0" ind2="0"><marc:subfield code="a">Arte en la Altiplanicie.</marc:subfield></marc:datafield><marc:datafield tag="035" ind1=" " ind2=" "><marc:subfield code="a">(TxDaGIAL)37741100016972</marc:subfield></marc:datafield><marc:controlfield tag="005">20080624154517.0</marc:controlfield><marc:controlfield tag="001">687</marc:controlfield><marc:controlfield tag="003">TxDaGIAL</marc:controlfield><marc:datafield tag="852" ind1=" " ind2=" "><marc:subfield code="p">37741100016972</marc:subfield><marc:subfield code="a">Library</marc:subfield><marc:subfield code="x">COPYID:779</marc:subfield><marc:subfield code="x">FSC@aRegular@c19970422</marc:subfield><marc:subfield code="h">700.984 P227 1981</marc:subfield><marc:subfield code="z">13618</marc:subfield></marc:datafield></marc:record>