
<marc:record><marc:leader>00793cam a22002170a 4500</marc:leader>
<marc:controlfield tag="008">901212s1949    xx                  eng c</marc:controlfield>
<marc:datafield tag="040" ind1=" " ind2=" "><marc:subfield code="a">OTU</marc:subfield><marc:subfield code="b">eng</marc:subfield></marc:datafield><marc:datafield tag="041" ind1="1" ind2=" "><marc:subfield code="a">engger</marc:subfield></marc:datafield><marc:datafield tag="050" ind1=" " ind2="4"><marc:subfield code="a">P221</marc:subfield><marc:subfield code="b">K613 1949</marc:subfield></marc:datafield><marc:datafield tag="100" ind1="1" ind2="0"><marc:subfield code="a">Klinghardt, H.</marc:subfield><marc:subfield code="q">(Hermann),</marc:subfield><marc:subfield code="d">1847-1926.</marc:subfield></marc:datafield><marc:datafield tag="240" ind1="1" ind2="0"><marc:subfield code="a">Artikulations- und Hrbungen.</marc:subfield><marc:subfield code="l">English</marc:subfield></marc:datafield><marc:datafield tag="245" ind1="1" ind2="0"><marc:subfield code="a">Articulation and hearing exercises /</marc:subfield><marc:subfield code="c">H. Klinghardt ; translated from the German second edition, 1914, Cthen [by William G. Pierpont].</marc:subfield></marc:datafield><marc:datafield tag="260" ind1="0" ind2=" "><marc:subfield code="a">[S.l. :</marc:subfield><marc:subfield code="b">s.n.,</marc:subfield><marc:subfield code="c">1949?]</marc:subfield></marc:datafield><marc:datafield tag="300" ind1=" " ind2=" "><marc:subfield code="a">113 leaves.</marc:subfield></marc:datafield><marc:datafield tag="500" ind1=" " ind2=" "><marc:subfield code="a">Preface, introductory section and ill. are omitted.</marc:subfield></marc:datafield><marc:datafield tag="650" ind1=" " ind2="0"><marc:subfield code="a">Phonetics.</marc:subfield></marc:datafield><marc:datafield tag="035" ind1=" " ind2=" "><marc:subfield code="a">(TxDaGIAL)37741100017849</marc:subfield></marc:datafield><marc:controlfield tag="005">20080624154517.0</marc:controlfield><marc:controlfield tag="001">689</marc:controlfield><marc:controlfield tag="003">TxDaGIAL</marc:controlfield><marc:datafield tag="852" ind1=" " ind2=" "><marc:subfield code="p">37741100017849</marc:subfield><marc:subfield code="a">Library</marc:subfield><marc:subfield code="x">COPYID:781</marc:subfield><marc:subfield code="x">FSC@aRegular@c19970521</marc:subfield><marc:subfield code="h">414.8 K65a.E 1949</marc:subfield><marc:subfield code="z">82</marc:subfield></marc:datafield></marc:record>