
<marc:record><marc:leader>00753nam a22002057a 4500</marc:leader>
<marc:controlfield tag="008">970527s1996    miu     r     000 0 eng d</marc:controlfield>
<marc:datafield tag="040" ind1=" " ind2=" "><marc:subfield code="a">TxDaGIAL</marc:subfield><marc:subfield code="c">TxDaGIAL</marc:subfield></marc:datafield><marc:datafield tag="100" ind1="1" ind2=" "><marc:subfield code="a">Jung, Hee-Bok.</marc:subfield></marc:datafield><marc:datafield tag="245" ind1="1" ind2="0"><marc:subfield code="a">Articulatory components and modifications /</marc:subfield><marc:subfield code="c">by Hee-Bok Jung.</marc:subfield></marc:datafield><marc:datafield tag="260" ind1=" " ind2=" "><marc:subfield code="c">1996.</marc:subfield></marc:datafield><marc:datafield tag="300" ind1=" " ind2=" "><marc:subfield code="a">v, 221 p. :</marc:subfield><marc:subfield code="b">ill. ;</marc:subfield><marc:subfield code="c">22 cm.</marc:subfield></marc:datafield><marc:datafield tag="502" ind1=" " ind2=" "><marc:subfield code="a">Thesis (Ph.D.)--University of Washington, 1996.</marc:subfield></marc:datafield><marc:datafield tag="504" ind1=" " ind2=" "><marc:subfield code="a">Bibliography: p. [206]-221.</marc:subfield></marc:datafield><marc:datafield tag="533" ind1=" " ind2=" "><marc:subfield code="a">Facsim.</marc:subfield><marc:subfield code="b">Ann Arbor, Mich. :</marc:subfield><marc:subfield code="c">University Microfilms,</marc:subfield><marc:subfield code="d">1996.</marc:subfield></marc:datafield><marc:datafield tag="610" ind1="2" ind2="0"><marc:subfield code="a">University of Washington</marc:subfield><marc:subfield code="x">Dissertations.</marc:subfield></marc:datafield><marc:datafield tag="035" ind1=" " ind2=" "><marc:subfield code="a">(TxDaGIAL)37741100018055</marc:subfield></marc:datafield><marc:controlfield tag="005">20080624154518.0</marc:controlfield><marc:controlfield tag="001">690</marc:controlfield><marc:controlfield tag="003">TxDaGIAL</marc:controlfield><marc:datafield tag="852" ind1=" " ind2=" "><marc:subfield code="p">37741100018055</marc:subfield><marc:subfield code="a">Library</marc:subfield><marc:subfield code="9">$0.00</marc:subfield><marc:subfield code="x">COPYID:782</marc:subfield><marc:subfield code="x">FSC@aRegular@c19970529</marc:subfield><marc:subfield code="h">414 J955 1996</marc:subfield><marc:subfield code="z">author gift  5-97</marc:subfield></marc:datafield></marc:record>