
<marc:record><marc:leader>01217cam a2200277 i 4500</marc:leader>
<marc:controlfield tag="008">781122s1979    maua     b    00100 eng  </marc:controlfield>
<marc:datafield tag="010" ind1=" " ind2=" "><marc:subfield code="a">   78026640</marc:subfield></marc:datafield><marc:datafield tag="020" ind1=" " ind2=" "><marc:subfield code="a">0262230968 (v. 1)</marc:subfield></marc:datafield><marc:datafield tag="040" ind1=" " ind2=" "><marc:subfield code="a">DLC</marc:subfield><marc:subfield code="c">DLC</marc:subfield><marc:subfield code="d">TxDaGIAL</marc:subfield></marc:datafield><marc:datafield tag="050" ind1="0" ind2=" "><marc:subfield code="a">Q335</marc:subfield><marc:subfield code="b">.A7865</marc:subfield></marc:datafield><marc:datafield tag="082" ind1=" " ind2=" "><marc:subfield code="a">001.53/5</marc:subfield></marc:datafield><marc:datafield tag="245" ind1="0" ind2="0"><marc:subfield code="a">Artificial intelligence :</marc:subfield><marc:subfield code="b">an MIT perspective /</marc:subfield><marc:subfield code="c">edited by Patrick Henry Winston and Richard Henry Brown.</marc:subfield></marc:datafield><marc:datafield tag="260" ind1="0" ind2=" "><marc:subfield code="a">Cambridge, Mass. :</marc:subfield><marc:subfield code="b">MIT Press,</marc:subfield><marc:subfield code="c">c1979.</marc:subfield></marc:datafield><marc:datafield tag="300" ind1=" " ind2=" "><marc:subfield code="a">2 v. :</marc:subfield><marc:subfield code="b">ill. ;</marc:subfield><marc:subfield code="c">24 cm.</marc:subfield></marc:datafield><marc:datafield tag="440" ind1=" " ind2="4"><marc:subfield code="a">The MIT Press series in artificial intelligence</marc:subfield></marc:datafield><marc:datafield tag="504" ind1=" " ind2=" "><marc:subfield code="a">Includes bibliographies and index.</marc:subfield></marc:datafield><marc:datafield tag="505" ind1="0" ind2=" "><marc:subfield code="a">v. 1. Expert problem solving, natural language understanding, intelligent computer coaches, representation and learning.--v. 2. Understanding vision, manipulation, computer design, symbol manipulation.</marc:subfield></marc:datafield><marc:datafield tag="650" ind1=" " ind2="0"><marc:subfield code="a">Artificial intelligence.</marc:subfield></marc:datafield><marc:datafield tag="700" ind1="1" ind2="0"><marc:subfield code="a">Winston, Patrick Henry.</marc:subfield></marc:datafield><marc:datafield tag="700" ind1="1" ind2="0"><marc:subfield code="a">Brown, Richard Henry.</marc:subfield></marc:datafield><marc:datafield tag="035" ind1=" " ind2=" "><marc:subfield code="a">(TxDaGIAL)37741100008834</marc:subfield></marc:datafield><marc:controlfield tag="005">20080624154518.0</marc:controlfield><marc:controlfield tag="001">691</marc:controlfield><marc:controlfield tag="003">TxDaGIAL</marc:controlfield><marc:datafield tag="852" ind1=" " ind2=" "><marc:subfield code="p">37741100008834</marc:subfield><marc:subfield code="a">Library</marc:subfield><marc:subfield code="x">COPYID:783</marc:subfield><marc:subfield code="x">FSC@aRegular@c19951019</marc:subfield><marc:subfield code="h">006.3 A791w vol.1 1979</marc:subfield><marc:subfield code="z">8545</marc:subfield></marc:datafield><marc:datafield tag="852" ind1=" " ind2=" "><marc:subfield code="p">37741100008835</marc:subfield><marc:subfield code="a">Library</marc:subfield><marc:subfield code="x">COPYID:784</marc:subfield><marc:subfield code="x">FSC@aRegular@c19951019</marc:subfield><marc:subfield code="h">006.3 A791w vol.2 1979</marc:subfield><marc:subfield code="z">7998</marc:subfield></marc:datafield></marc:record>