
<marc:record><marc:leader>00955cam a2200253Ii 4500</marc:leader>
<marc:controlfield tag="008">720710s1967    dcuah    b   f000 0deng  </marc:controlfield>
<marc:datafield tag="010" ind1=" " ind2=" "><marc:subfield code="a">67062780</marc:subfield></marc:datafield><marc:datafield tag="040" ind1=" " ind2=" "><marc:subfield code="a">DLC</marc:subfield><marc:subfield code="c">HEI</marc:subfield><marc:subfield code="d">m.c.</marc:subfield><marc:subfield code="d">SER</marc:subfield></marc:datafield><marc:datafield tag="050" ind1=" " ind2=" "><marc:subfield code="a">GN1</marc:subfield><marc:subfield code="b">.S54 v.5</marc:subfield></marc:datafield><marc:datafield tag="100" ind1="1" ind2=" "><marc:subfield code="a">Goldfrank, Esther Schiff.</marc:subfield></marc:datafield><marc:datafield tag="245" ind1="1" ind2="4"><marc:subfield code="a">The artist of &quot;Isleta paintings&quot; in Pueblo society /</marc:subfield><marc:subfield code="c">[by] Esther S. Goldfrank.</marc:subfield></marc:datafield><marc:datafield tag="260" ind1=" " ind2=" "><marc:subfield code="a">Washington :</marc:subfield><marc:subfield code="b">Smithsonian Press :</marc:subfield><marc:subfield code="b">[for sale by the Supt. of Docs., U.S. Govt. Print. Off.],</marc:subfield><marc:subfield code="c">1967.</marc:subfield></marc:datafield><marc:datafield tag="300" ind1=" " ind2=" "><marc:subfield code="a">vi, 227 p. :</marc:subfield><marc:subfield code="b">illus., facsims. ;</marc:subfield><marc:subfield code="c">31 cm.</marc:subfield></marc:datafield><marc:datafield tag="490" ind1="1" ind2=" "><marc:subfield code="a">Smithsonian contributions to anthropology ;</marc:subfield><marc:subfield code="v">no. 5.</marc:subfield></marc:datafield><marc:datafield tag="504" ind1=" " ind2=" "><marc:subfield code="a">Bibliography: p. 16.</marc:subfield></marc:datafield><marc:datafield tag="600" ind1="1" ind2="0"><marc:subfield code="a">Lente, Joe Bartolo.</marc:subfield></marc:datafield><marc:datafield tag="650" ind1=" " ind2="0"><marc:subfield code="a">Isleta Indians.</marc:subfield></marc:datafield><marc:datafield tag="650" ind1=" " ind2="0"><marc:subfield code="a">Isleta art.</marc:subfield></marc:datafield><marc:datafield tag="830" ind1=" " ind2="0"><marc:subfield code="a">Smithsonian contributions to anthropology ;</marc:subfield><marc:subfield code="v">no. 5.</marc:subfield></marc:datafield><marc:datafield tag="035" ind1=" " ind2=" "><marc:subfield code="a">(TxDaGIAL)37741100016858</marc:subfield></marc:datafield><marc:controlfield tag="005">20080624154519.0</marc:controlfield><marc:controlfield tag="001">695</marc:controlfield><marc:controlfield tag="003">TxDaGIAL</marc:controlfield><marc:datafield tag="852" ind1=" " ind2=" "><marc:subfield code="p">37741100016858</marc:subfield><marc:subfield code="a">Library</marc:subfield><marc:subfield code="x">COPYID:788</marc:subfield><marc:subfield code="x">FSC@aRegular@c19970416</marc:subfield><marc:subfield code="h">920 L574g 1967</marc:subfield><marc:subfield code="z">6639</marc:subfield></marc:datafield></marc:record>