
<marc:record><marc:leader>01076nam a2200301Ii 4500</marc:leader>
<marc:controlfield tag="008">730822 1935    nyu             0 0 eng u</marc:controlfield>
<marc:datafield tag="010" ind1=" " ind2=" "><marc:subfield code="a">   37010086</marc:subfield></marc:datafield><marc:datafield tag="035" ind1=" " ind2=" "><marc:subfield code="a">(CU-UC)4921806</marc:subfield></marc:datafield><marc:datafield tag="040" ind1=" " ind2=" "><marc:subfield code="c">KSU</marc:subfield><marc:subfield code="d">m.c.</marc:subfield><marc:subfield code="d">RQA</marc:subfield></marc:datafield><marc:datafield tag="050" ind1="0" ind2=" "><marc:subfield code="a">F1435.3.A7</marc:subfield><marc:subfield code="b">V8</marc:subfield></marc:datafield><marc:datafield tag="100" ind1="1" ind2="0"><marc:subfield code="a">Vaillant, George Clapp,</marc:subfield><marc:subfield code="d">1901-1945.</marc:subfield></marc:datafield><marc:datafield tag="245" ind1="1" ind2="0"><marc:subfield code="a">Artists and craftsmen in ancient Central America /</marc:subfield><marc:subfield code="c">by George C. Vaillant.</marc:subfield></marc:datafield><marc:datafield tag="260" ind1="0" ind2=" "><marc:subfield code="a">New York :</marc:subfield><marc:subfield code="b">The American museum of natural history,</marc:subfield><marc:subfield code="c">1935.</marc:subfield></marc:datafield><marc:datafield tag="300" ind1=" " ind2=" "><marc:subfield code="a">102 p. :</marc:subfield><marc:subfield code="b">illus. ;</marc:subfield><marc:subfield code="c">25 cm.</marc:subfield></marc:datafield><marc:datafield tag="490" ind1="1" ind2=" "><marc:subfield code="a">American Museum of Natural History</marc:subfield><marc:subfield code="t">Guide leaflet</marc:subfield><marc:subfield code="v">no. 88</marc:subfield></marc:datafield><marc:datafield tag="504" ind1=" " ind2=" "><marc:subfield code="a">Bibliography: p. 97-102.</marc:subfield></marc:datafield><marc:datafield tag="546" ind1=" " ind2=" "><marc:subfield code="a">English.</marc:subfield></marc:datafield><marc:datafield tag="650" ind1=" " ind2="0"><marc:subfield code="a">Indian art</marc:subfield><marc:subfield code="z">Central America.</marc:subfield></marc:datafield><marc:datafield tag="650" ind1=" " ind2="0"><marc:subfield code="a">Indian pottery</marc:subfield><marc:subfield code="z">Central America.</marc:subfield></marc:datafield><marc:datafield tag="650" ind1=" " ind2="0"><marc:subfield code="a">Maya art.</marc:subfield></marc:datafield><marc:datafield tag="650" ind1=" " ind2="0"><marc:subfield code="a">Aztec art.</marc:subfield></marc:datafield><marc:datafield tag="651" ind1=" " ind2="0"><marc:subfield code="a">Central America</marc:subfield><marc:subfield code="x">Antiquities.</marc:subfield></marc:datafield><marc:datafield tag="810" ind1="2" ind2=" "><marc:subfield code="a">American Museum of Natural History</marc:subfield><marc:subfield code="t">Guide leaflet</marc:subfield><marc:subfield code="v">no. 88.</marc:subfield></marc:datafield><marc:datafield tag="035" ind1=" " ind2=" "><marc:subfield code="a">(TxDaGIAL)37741100016903</marc:subfield></marc:datafield><marc:controlfield tag="005">20080624154519.0</marc:controlfield><marc:controlfield tag="001">696</marc:controlfield><marc:controlfield tag="003">TxDaGIAL</marc:controlfield><marc:datafield tag="852" ind1=" " ind2=" "><marc:subfield code="p">37741100016903</marc:subfield><marc:subfield code="a">Library</marc:subfield><marc:subfield code="x">COPYID:789</marc:subfield><marc:subfield code="x">FSC@aRegular@c19970421</marc:subfield><marc:subfield code="h">709.01 V131a 1935</marc:subfield><marc:subfield code="z">682</marc:subfield></marc:datafield></marc:record>