
<marc:record><marc:leader>01076pam a2200289 i 4500</marc:leader>
<marc:controlfield tag="008">780427s1979    paua     bs   00110 eng  </marc:controlfield>
<marc:datafield tag="010" ind1=" " ind2=" "><marc:subfield code="a">   78009095</marc:subfield></marc:datafield><marc:datafield tag="020" ind1=" " ind2=" "><marc:subfield code="a">0915980908</marc:subfield></marc:datafield><marc:datafield tag="040" ind1=" " ind2=" "><marc:subfield code="a">DLC</marc:subfield><marc:subfield code="c">DLC</marc:subfield></marc:datafield><marc:datafield tag="043" ind1=" " ind2=" "><marc:subfield code="a">as-----</marc:subfield></marc:datafield><marc:datafield tag="050" ind1="0" ind2=" "><marc:subfield code="a">HC412</marc:subfield><marc:subfield code="b">.W622 1979</marc:subfield></marc:datafield><marc:datafield tag="082" ind1=" " ind2=" "><marc:subfield code="a">330.9/59</marc:subfield></marc:datafield><marc:datafield tag="100" ind1="1" ind2="0"><marc:subfield code="a">Wong, John,</marc:subfield><marc:subfield code="d">1939-</marc:subfield></marc:datafield><marc:datafield tag="245" ind1="1" ind2="0"><marc:subfield code="a">ASEAN economies in perspective :</marc:subfield><marc:subfield code="b">a comparative study of Indonesia, Malaysia, the Philippines, Singapore, and Thailand /</marc:subfield><marc:subfield code="c">John Wong.</marc:subfield></marc:datafield><marc:datafield tag="260" ind1="0" ind2=" "><marc:subfield code="a">Philadelphia :</marc:subfield><marc:subfield code="b">Institute for the Study of Human Issues,</marc:subfield><marc:subfield code="c">c1979.</marc:subfield></marc:datafield><marc:datafield tag="300" ind1=" " ind2=" "><marc:subfield code="a">xii, 217 p. :</marc:subfield><marc:subfield code="b">ill. ;</marc:subfield><marc:subfield code="c">23 cm.</marc:subfield></marc:datafield><marc:datafield tag="504" ind1=" " ind2=" "><marc:subfield code="a">Includes bibliographical references and index.</marc:subfield></marc:datafield><marc:datafield tag="651" ind1=" " ind2="0"><marc:subfield code="a">Asia, Southeastern</marc:subfield><marc:subfield code="x">Economic conditions.</marc:subfield></marc:datafield><marc:datafield tag="651" ind1=" " ind2="0"><marc:subfield code="a">Asia, Southeastern</marc:subfield><marc:subfield code="x">Commerce.</marc:subfield></marc:datafield><marc:datafield tag="650" ind1=" " ind2="0"><marc:subfield code="a">Rural development</marc:subfield><marc:subfield code="z">Asia, Southeastern.</marc:subfield></marc:datafield><marc:datafield tag="650" ind1=" " ind2="0"><marc:subfield code="a">Regional economics.</marc:subfield></marc:datafield><marc:datafield tag="710" ind1="2" ind2="0"><marc:subfield code="a">Institute for the Study of Human Issues.</marc:subfield></marc:datafield><marc:datafield tag="035" ind1=" " ind2=" "><marc:subfield code="a">(TxDaGIAL)37741100006054</marc:subfield></marc:datafield><marc:controlfield tag="005">20080624154520.0</marc:controlfield><marc:controlfield tag="001">699</marc:controlfield><marc:controlfield tag="003">TxDaGIAL</marc:controlfield><marc:datafield tag="852" ind1=" " ind2=" "><marc:subfield code="p">37741100006054</marc:subfield><marc:subfield code="a">Library</marc:subfield><marc:subfield code="x">COPYID:792</marc:subfield><marc:subfield code="x">FSC@aRegular@c19950801</marc:subfield><marc:subfield code="h">330.959 W872a 1979</marc:subfield><marc:subfield code="z">8583</marc:subfield></marc:datafield></marc:record>