
<marc:record><marc:leader>01110cam a2200313 a 4500</marc:leader>
<marc:controlfield tag="008">850930s1986    nyu      bcd  00110 eng  </marc:controlfield>
<marc:datafield tag="010" ind1=" " ind2=" "><marc:subfield code="a">   85021842 //r90</marc:subfield></marc:datafield><marc:datafield tag="020" ind1=" " ind2=" "><marc:subfield code="a">088344528X (pbk.)</marc:subfield></marc:datafield><marc:datafield tag="040" ind1=" " ind2=" "><marc:subfield code="a">DLC</marc:subfield><marc:subfield code="c">DLC</marc:subfield><marc:subfield code="d">DLC</marc:subfield><marc:subfield code="d">OCoLC</marc:subfield></marc:datafield><marc:datafield tag="043" ind1=" " ind2=" "><marc:subfield code="a">a------</marc:subfield><marc:subfield code="a">p------</marc:subfield></marc:datafield><marc:datafield tag="050" ind1="0" ind2="0"><marc:subfield code="a">Z3001</marc:subfield><marc:subfield code="b">.F46 1986</marc:subfield><marc:subfield code="a">DS5</marc:subfield></marc:datafield><marc:datafield tag="082" ind1="0" ind2="0"><marc:subfield code="a">016.95</marc:subfield><marc:subfield code="2">19</marc:subfield></marc:datafield><marc:datafield tag="100" ind1="1" ind2="0"><marc:subfield code="a">Fenton, Thomas P.</marc:subfield></marc:datafield><marc:datafield tag="245" ind1="1" ind2="0"><marc:subfield code="a">Asia and Pacific :</marc:subfield><marc:subfield code="b">a directory of resources /</marc:subfield><marc:subfield code="c">compiled and edited by Thomas P. Fenton and Mary J. Heffron.</marc:subfield></marc:datafield><marc:datafield tag="260" ind1="0" ind2=" "><marc:subfield code="a">Maryknoll, N.Y. :</marc:subfield><marc:subfield code="b">Orbis Books,</marc:subfield><marc:subfield code="c">c1986.</marc:subfield></marc:datafield><marc:datafield tag="300" ind1=" " ind2=" "><marc:subfield code="a">xx, 137 p. ;</marc:subfield><marc:subfield code="c">21 cm.</marc:subfield></marc:datafield><marc:datafield tag="500" ind1=" " ind2=" "><marc:subfield code="a">Includes index.</marc:subfield></marc:datafield><marc:datafield tag="651" ind1=" " ind2="0"><marc:subfield code="a">Asia</marc:subfield><marc:subfield code="v">Bibliography.</marc:subfield></marc:datafield><marc:datafield tag="651" ind1=" " ind2="0"><marc:subfield code="a">Pacific Area</marc:subfield><marc:subfield code="v">Bibliography.</marc:subfield></marc:datafield><marc:datafield tag="651" ind1=" " ind2="0"><marc:subfield code="a">Asia</marc:subfield><marc:subfield code="x">Audio-visual aids</marc:subfield><marc:subfield code="v">Catalogs.</marc:subfield></marc:datafield><marc:datafield tag="651" ind1=" " ind2="0"><marc:subfield code="a">Pacific Area</marc:subfield><marc:subfield code="x">Audio-visual aids</marc:subfield><marc:subfield code="v">Catalogs.</marc:subfield></marc:datafield><marc:datafield tag="651" ind1=" " ind2="0"><marc:subfield code="a">Asia</marc:subfield><marc:subfield code="x">Societies, etc.</marc:subfield><marc:subfield code="v">Directories.</marc:subfield></marc:datafield><marc:datafield tag="651" ind1=" " ind2="0"><marc:subfield code="a">Pacific Area</marc:subfield><marc:subfield code="x">Societies, etc.</marc:subfield><marc:subfield code="v">Directories.</marc:subfield></marc:datafield><marc:datafield tag="700" ind1="1" ind2="0"><marc:subfield code="a">Heffron, Mary J.</marc:subfield></marc:datafield><marc:datafield tag="035" ind1=" " ind2=" "><marc:subfield code="a">(TxDaGIAL)37741100003312</marc:subfield></marc:datafield><marc:controlfield tag="005">20080624154520.0</marc:controlfield><marc:controlfield tag="001">700</marc:controlfield><marc:controlfield tag="003">TxDaGIAL</marc:controlfield><marc:datafield tag="852" ind1=" " ind2=" "><marc:subfield code="p">37741100003312</marc:subfield><marc:subfield code="a">Library</marc:subfield><marc:subfield code="x">COPYID:793</marc:subfield><marc:subfield code="x">FSC@aRegular@c19950407</marc:subfield><marc:subfield code="h">016.95 F342a 1986</marc:subfield><marc:subfield code="z">13094</marc:subfield></marc:datafield></marc:record>