
<marc:record><marc:leader>00981nam a22002891  4500</marc:leader>
<marc:controlfield tag="008">940817s1980    pau           001 0 eng d</marc:controlfield>
<marc:datafield tag="010" ind1=" " ind2=" "><marc:subfield code="a">80-21228 //r92</marc:subfield></marc:datafield><marc:datafield tag="020" ind1=" " ind2=" "><marc:subfield code="z">0664243541 (pbk.)</marc:subfield></marc:datafield><marc:datafield tag="040" ind1=" " ind2=" "><marc:subfield code="a">DLC</marc:subfield><marc:subfield code="c">TxDaGIAL</marc:subfield><marc:subfield code="d">TxDaGIAL</marc:subfield></marc:datafield><marc:datafield tag="043" ind1=" " ind2=" "><marc:subfield code="a">a------</marc:subfield></marc:datafield><marc:datafield tag="050" ind1="0" ind2="0"><marc:subfield code="a">BR50</marc:subfield><marc:subfield code="b">.W48 1980</marc:subfield></marc:datafield><marc:datafield tag="082" ind1="0" ind2="0"><marc:subfield code="a">230/.095</marc:subfield><marc:subfield code="2">20</marc:subfield></marc:datafield><marc:datafield tag="245" ind1="0" ind2="0"><marc:subfield code="a">Asian Christian theology :</marc:subfield><marc:subfield code="b">emerging themes /</marc:subfield><marc:subfield code="c">edited by Douglas J. Elwood.</marc:subfield></marc:datafield><marc:datafield tag="250" ind1=" " ind2=" "><marc:subfield code="a">Rev. ed. of What Asian Christians are thinking.</marc:subfield></marc:datafield><marc:datafield tag="260" ind1=" " ind2=" "><marc:subfield code="a">Philadelphia :</marc:subfield><marc:subfield code="b">Westminster Press,</marc:subfield><marc:subfield code="c">c1980.</marc:subfield></marc:datafield><marc:datafield tag="300" ind1=" " ind2=" "><marc:subfield code="a">342 p. ;</marc:subfield><marc:subfield code="c">23 cm.</marc:subfield></marc:datafield><marc:datafield tag="500" ind1=" " ind2=" "><marc:subfield code="a">Includes index.</marc:subfield></marc:datafield><marc:datafield tag="504" ind1=" " ind2=" "><marc:subfield code="a">Bibliography: p. [337]-340.</marc:subfield></marc:datafield><marc:datafield tag="650" ind1=" " ind2="0"><marc:subfield code="a">Theology.</marc:subfield></marc:datafield><marc:datafield tag="650" ind1=" " ind2="0"><marc:subfield code="a">Christianity</marc:subfield><marc:subfield code="z">Asia.</marc:subfield></marc:datafield><marc:datafield tag="700" ind1="1" ind2="0"><marc:subfield code="a">Elwood, Douglas J.</marc:subfield></marc:datafield><marc:datafield tag="730" ind1="0" ind2="1"><marc:subfield code="a">What Asian Christians are thinking.</marc:subfield></marc:datafield><marc:datafield tag="035" ind1=" " ind2=" "><marc:subfield code="a">(TxDaGIAL)37741100000225</marc:subfield></marc:datafield><marc:controlfield tag="005">20080624154521.0</marc:controlfield><marc:controlfield tag="001">703</marc:controlfield><marc:controlfield tag="003">TxDaGIAL</marc:controlfield><marc:datafield tag="852" ind1=" " ind2=" "><marc:subfield code="p">37741100000225</marc:subfield><marc:subfield code="a">Library</marc:subfield><marc:subfield code="9">$6.50</marc:subfield><marc:subfield code="x">COPYID:796</marc:subfield><marc:subfield code="x">FSC@aRegular@c19940818</marc:subfield><marc:subfield code="h">230.095 A832a 1980</marc:subfield><marc:subfield code="z">purchased from K. McElhanon</marc:subfield></marc:datafield></marc:record>