
<marc:record><marc:leader>00840nam a2200193 a 4500</marc:leader>
<marc:controlfield tag="008">971020s1972    ph            000 0 eng d</marc:controlfield>
<marc:datafield tag="040" ind1=" " ind2=" "><marc:subfield code="a">TxDaGIAL</marc:subfield><marc:subfield code="c">TxDaGIAL</marc:subfield></marc:datafield><marc:datafield tag="245" ind1="0" ind2="0"><marc:subfield code="a">Asian studies, 10:1 :</marc:subfield><marc:subfield code="b">Jose Eliseo Rocamora, issue editor.</marc:subfield></marc:datafield><marc:datafield tag="260" ind1=" " ind2=" "><marc:subfield code="a">Quezon City, Philippines :</marc:subfield><marc:subfield code="b">Asian Center, University of the Philippines,</marc:subfield><marc:subfield code="c">1972.</marc:subfield></marc:datafield><marc:datafield tag="300" ind1=" " ind2=" "><marc:subfield code="a">152 p. ;</marc:subfield><marc:subfield code="c">26 cm.</marc:subfield></marc:datafield><marc:datafield tag="504" ind1=" " ind2=" "><marc:subfield code="a">Includes bibliographies.</marc:subfield></marc:datafield><marc:datafield tag="505" ind1="2" ind2=" "><marc:subfield code="a">Underlying case in Northern Kankanay / Marjorie Draper -- Natural clusters in Kalinga disease terms / Ruth Gieser and Joseph E. Grimes -- Cohesion in Ivatan / Betty Hooker.</marc:subfield></marc:datafield><marc:datafield tag="651" ind1=" " ind2="0"><marc:subfield code="a">Philippines</marc:subfield><marc:subfield code="x">Languages.</marc:subfield></marc:datafield><marc:datafield tag="700" ind1="1" ind2="0"><marc:subfield code="a">Rocamora, Jose Eliseo.</marc:subfield></marc:datafield><marc:datafield tag="035" ind1=" " ind2=" "><marc:subfield code="a">(TxDaGIAL)37741100021204</marc:subfield></marc:datafield><marc:controlfield tag="005">20080624154522.0</marc:controlfield><marc:controlfield tag="001">706</marc:controlfield><marc:controlfield tag="003">TxDaGIAL</marc:controlfield><marc:datafield tag="852" ind1=" " ind2=" "><marc:subfield code="p">37741100021204</marc:subfield><marc:subfield code="a">Library</marc:subfield><marc:subfield code="x">COPYID:799</marc:subfield><marc:subfield code="x">FSC@aRegular@c19971020</marc:subfield><marc:subfield code="h">499.21 A832 1972</marc:subfield><marc:subfield code="z">gift 10-80</marc:subfield></marc:datafield></marc:record>