
<marc:record><marc:leader>00822cam a2200241 i 4500</marc:leader>
<marc:controlfield tag="008">760331s1976    nyu      b    00000 eng  </marc:controlfield>
<marc:datafield tag="010" ind1=" " ind2=" "><marc:subfield code="a">   75013795</marc:subfield></marc:datafield><marc:datafield tag="020" ind1=" " ind2=" "><marc:subfield code="a">0883440172 :</marc:subfield><marc:subfield code="c">$15.00.</marc:subfield><marc:subfield code="a">0883440164 (pbk) :</marc:subfield><marc:subfield code="c">$7.95</marc:subfield></marc:datafield><marc:datafield tag="040" ind1=" " ind2=" "><marc:subfield code="a">DLC</marc:subfield><marc:subfield code="c">DLC</marc:subfield><marc:subfield code="d">DLC</marc:subfield><marc:subfield code="d">TxDaGIAL</marc:subfield></marc:datafield><marc:datafield tag="043" ind1=" " ind2=" "><marc:subfield code="a">a------</marc:subfield></marc:datafield><marc:datafield tag="050" ind1="0" ind2=" "><marc:subfield code="a">BT30.A8</marc:subfield><marc:subfield code="b">A78</marc:subfield></marc:datafield><marc:datafield tag="082" ind1=" " ind2=" "><marc:subfield code="a">230/.095</marc:subfield></marc:datafield><marc:datafield tag="245" ind1="0" ind2="0"><marc:subfield code="a">Asian voices in Christian theology /</marc:subfield><marc:subfield code="c">edited and with an introd. by Gerald H. Anderson.</marc:subfield></marc:datafield><marc:datafield tag="260" ind1="0" ind2=" "><marc:subfield code="a">Maryknoll, N.Y. :</marc:subfield><marc:subfield code="b">Orbis Books,</marc:subfield><marc:subfield code="c">c1976.</marc:subfield></marc:datafield><marc:datafield tag="300" ind1=" " ind2=" "><marc:subfield code="a">321 p. ;</marc:subfield><marc:subfield code="c">22 cm.</marc:subfield></marc:datafield><marc:datafield tag="504" ind1=" " ind2=" "><marc:subfield code="a">Bibliography: p. 264-321.</marc:subfield></marc:datafield><marc:datafield tag="650" ind1=" " ind2="0"><marc:subfield code="a">Theology, Doctrinal</marc:subfield><marc:subfield code="z">Asia</marc:subfield><marc:subfield code="x">History.</marc:subfield></marc:datafield><marc:datafield tag="700" ind1="1" ind2="0"><marc:subfield code="a">Anderson, Gerald H.</marc:subfield></marc:datafield><marc:datafield tag="035" ind1=" " ind2=" "><marc:subfield code="a">(TxDaGIAL)37741100000818</marc:subfield></marc:datafield><marc:controlfield tag="005">20080624154523.0</marc:controlfield><marc:controlfield tag="001">707</marc:controlfield><marc:controlfield tag="003">TxDaGIAL</marc:controlfield><marc:datafield tag="852" ind1=" " ind2=" "><marc:subfield code="p">37741100000818</marc:subfield><marc:subfield code="a">Library</marc:subfield><marc:subfield code="x">COPYID:800</marc:subfield><marc:subfield code="x">FSC@aRegular@c19941229</marc:subfield><marc:subfield code="h">230.095 A546a 1976</marc:subfield><marc:subfield code="z">4456</marc:subfield></marc:datafield></marc:record>