
<marc:record><marc:leader>00894pam a2200253 a 4500</marc:leader>
<marc:controlfield tag="008">860107s1986    njua     b    00110 eng  </marc:controlfield>
<marc:datafield tag="010" ind1=" " ind2=" "><marc:subfield code="a">   85043321</marc:subfield></marc:datafield><marc:datafield tag="020" ind1=" " ind2=" "><marc:subfield code="a">0691094217 (alk. paper) :</marc:subfield><marc:subfield code="c">$30.00</marc:subfield></marc:datafield><marc:datafield tag="040" ind1=" " ind2=" "><marc:subfield code="a">DLC</marc:subfield><marc:subfield code="c">DLC</marc:subfield></marc:datafield><marc:datafield tag="043" ind1=" " ind2=" "><marc:subfield code="a">a-pp---</marc:subfield></marc:datafield><marc:datafield tag="050" ind1="0" ind2=" "><marc:subfield code="a">DU740.42</marc:subfield><marc:subfield code="b">.W32 1986</marc:subfield></marc:datafield><marc:datafield tag="082" ind1="0" ind2=" "><marc:subfield code="a">306/.089995</marc:subfield><marc:subfield code="2">19</marc:subfield></marc:datafield><marc:datafield tag="100" ind1="1" ind2="0"><marc:subfield code="a">Wagner, Roy.</marc:subfield></marc:datafield><marc:datafield tag="245" ind1="1" ind2="0"><marc:subfield code="a">Asiwinarong :</marc:subfield><marc:subfield code="b">ethos, image, and social power among the Usen Barok of New Ireland /</marc:subfield><marc:subfield code="c">Roy Wagner.</marc:subfield></marc:datafield><marc:datafield tag="260" ind1="0" ind2=" "><marc:subfield code="a">Princeton, N.J. :</marc:subfield><marc:subfield code="b">Princeton University Press,</marc:subfield><marc:subfield code="c">c1986.</marc:subfield></marc:datafield><marc:datafield tag="300" ind1=" " ind2=" "><marc:subfield code="a">xxiv, 238 p., [16] p. of plates :</marc:subfield><marc:subfield code="b">ill. ;</marc:subfield><marc:subfield code="c">23 cm.</marc:subfield></marc:datafield><marc:datafield tag="504" ind1=" " ind2=" "><marc:subfield code="a">Bibliography: p. 231-234.</marc:subfield></marc:datafield><marc:datafield tag="500" ind1=" " ind2=" "><marc:subfield code="a">Includes index.</marc:subfield></marc:datafield><marc:datafield tag="650" ind1=" " ind2="0"><marc:subfield code="a">Barok (Papua New Guinea people)</marc:subfield></marc:datafield><marc:datafield tag="035" ind1=" " ind2=" "><marc:subfield code="a">(TxDaGIAL)37741100007962</marc:subfield></marc:datafield><marc:controlfield tag="005">20080624154523.0</marc:controlfield><marc:controlfield tag="001">708</marc:controlfield><marc:controlfield tag="003">TxDaGIAL</marc:controlfield><marc:datafield tag="852" ind1=" " ind2=" "><marc:subfield code="p">37741100007962</marc:subfield><marc:subfield code="a">Library</marc:subfield><marc:subfield code="9">$9.50</marc:subfield><marc:subfield code="x">COPYID:801</marc:subfield><marc:subfield code="x">FSC@aRegular@c19950912</marc:subfield><marc:subfield code="h">306.089995 W134a 1986</marc:subfield><marc:subfield code="z">2-93</marc:subfield></marc:datafield></marc:record>