
<marc:record><marc:leader>01043cam a2200253 i 4500</marc:leader>
<marc:controlfield tag="008">780920s1977    bl            00010 por  </marc:controlfield>
<marc:datafield tag="010" ind1=" " ind2=" "><marc:subfield code="a">   78366081 //r925</marc:subfield></marc:datafield><marc:datafield tag="040" ind1=" " ind2=" "><marc:subfield code="a">DLC</marc:subfield><marc:subfield code="c">DLC</marc:subfield><marc:subfield code="d">DLC</marc:subfield></marc:datafield><marc:datafield tag="041" ind1="0" ind2=" "><marc:subfield code="a">porsai</marc:subfield></marc:datafield><marc:datafield tag="050" ind1="0" ind2="0"><marc:subfield code="a">PM5809</marc:subfield><marc:subfield code="b">.M34</marc:subfield></marc:datafield><marc:datafield tag="082" ind1="0" ind2="0"><marc:subfield code="a">498/.4</marc:subfield><marc:subfield code="2">19</marc:subfield></marc:datafield><marc:datafield tag="100" ind1="1" ind2="0"><marc:subfield code="a">McLeod, Ruth Alice,</marc:subfield><marc:subfield code="d">1927-</marc:subfield></marc:datafield><marc:datafield tag="245" ind1="1" ind2="0"><marc:subfield code="a">Aspectos da lngua xavnte /</marc:subfield><marc:subfield code="c">Ruth McLeod &amp; Valerie Mitchell ; traduo de Mary L. Daniel.</marc:subfield></marc:datafield><marc:datafield tag="260" ind1="0" ind2=" "><marc:subfield code="a">Braslia :</marc:subfield><marc:subfield code="b">Summer Institute of Linguistics,</marc:subfield><marc:subfield code="c">1977.</marc:subfield></marc:datafield><marc:datafield tag="300" ind1=" " ind2=" "><marc:subfield code="a">228 p. ;</marc:subfield><marc:subfield code="c">22 cm.</marc:subfield></marc:datafield><marc:datafield tag="500" ind1=" " ind2=" "><marc:subfield code="a">&quot;Uma reviso da Gramtica pedaggica xavnte preparada e mimeografada em 1971 por Nancy Thurmond e Ruth McLeod.&quot;</marc:subfield></marc:datafield><marc:datafield tag="650" ind1=" " ind2="0"><marc:subfield code="a">Xavante language</marc:subfield><marc:subfield code="v">Textbooks for foreign speakers</marc:subfield><marc:subfield code="x">Portuguese.</marc:subfield></marc:datafield><marc:datafield tag="700" ind1="1" ind2="0"><marc:subfield code="a">Mitchell, Valerie,</marc:subfield><marc:subfield code="e">joint author.</marc:subfield></marc:datafield><marc:datafield tag="035" ind1=" " ind2=" "><marc:subfield code="a">(TxDaGIAL)37741100007210</marc:subfield></marc:datafield><marc:controlfield tag="005">20080624154523.0</marc:controlfield><marc:controlfield tag="001">709</marc:controlfield><marc:controlfield tag="003">TxDaGIAL</marc:controlfield><marc:datafield tag="852" ind1=" " ind2=" "><marc:subfield code="p">37741100007210</marc:subfield><marc:subfield code="a">Library</marc:subfield><marc:subfield code="x">COPYID:802</marc:subfield><marc:subfield code="x">FSC@aRegular@c19950823</marc:subfield><marc:subfield code="h">498 M165a 1977</marc:subfield><marc:subfield code="z">4963</marc:subfield></marc:datafield><marc:datafield tag="852" ind1=" " ind2=" "><marc:subfield code="p">37741100007211</marc:subfield><marc:subfield code="a">Library</marc:subfield><marc:subfield code="x">COPYID:803</marc:subfield><marc:subfield code="x">FSC@aRegular@c19950823</marc:subfield><marc:subfield code="h">498 M165a 1977</marc:subfield><marc:subfield code="z">1840</marc:subfield></marc:datafield></marc:record>