
<marc:record><marc:leader>00964nam a22002531i 4500</marc:leader>
<marc:controlfield tag="008">890330s1954    bl       b    00000 por d</marc:controlfield>
<marc:datafield tag="035" ind1=" " ind2=" "><marc:subfield code="a">(CU-UC)5527142</marc:subfield></marc:datafield><marc:datafield tag="040" ind1=" " ind2=" "><marc:subfield code="a">YUS</marc:subfield><marc:subfield code="c">YUS</marc:subfield><marc:subfield code="d">m/c</marc:subfield><marc:subfield code="d">RQK</marc:subfield></marc:datafield><marc:datafield tag="100" ind1="1" ind2="0"><marc:subfield code="a">Schaden, Egon.</marc:subfield></marc:datafield><marc:datafield tag="245" ind1="1" ind2="0"><marc:subfield code="a">Aspectos fundamentais da cultura guaran.</marc:subfield></marc:datafield><marc:datafield tag="260" ind1="0" ind2=" "><marc:subfield code="a">So Paulo,</marc:subfield><marc:subfield code="c">1954.</marc:subfield></marc:datafield><marc:datafield tag="300" ind1=" " ind2=" "><marc:subfield code="a">216 p. :</marc:subfield><marc:subfield code="b">plates. ;</marc:subfield><marc:subfield code="c">24 cm.</marc:subfield></marc:datafield><marc:datafield tag="490" ind1="1" ind2=" "><marc:subfield code="a">Universidad de So Paulo. Faculdade de Filosofia, Cincias e Letras. Boletim no. 188. Antropologia ;</marc:subfield><marc:subfield code="v">no. 4</marc:subfield></marc:datafield><marc:datafield tag="504" ind1=" " ind2=" "><marc:subfield code="a">Bibliography: p. [211]-214.</marc:subfield></marc:datafield><marc:datafield tag="546" ind1=" " ind2=" "><marc:subfield code="a">Portuguese.</marc:subfield></marc:datafield><marc:datafield tag="650" ind1=" " ind2="0"><marc:subfield code="a">Guarani Indians.</marc:subfield></marc:datafield><marc:datafield tag="650" ind1=" " ind2="0"><marc:subfield code="a">Indians of South America</marc:subfield><marc:subfield code="z">Brazil.</marc:subfield></marc:datafield><marc:datafield tag="650" ind1=" " ind2="0"><marc:subfield code="a">Acculturation.</marc:subfield></marc:datafield><marc:datafield tag="810" ind1="2" ind2="0"><marc:subfield code="a">Universidad de So Paulo.</marc:subfield><marc:subfield code="b">Faculdade de Filosofia, Cincias e Letras</marc:subfield><marc:subfield code="t">Boletim no. 188.</marc:subfield><marc:subfield code="p">Antropologia</marc:subfield><marc:subfield code="v">no. 4.</marc:subfield></marc:datafield><marc:datafield tag="035" ind1=" " ind2=" "><marc:subfield code="a">(TxDaGIAL)37741100016838</marc:subfield></marc:datafield><marc:controlfield tag="005">20080624154523.0</marc:controlfield><marc:controlfield tag="001">710</marc:controlfield><marc:controlfield tag="003">TxDaGIAL</marc:controlfield><marc:datafield tag="852" ind1=" " ind2=" "><marc:subfield code="p">37741100016838</marc:subfield><marc:subfield code="a">Library</marc:subfield><marc:subfield code="x">COPYID:804</marc:subfield><marc:subfield code="x">FSC@aRegular@c19970422</marc:subfield><marc:subfield code="h">306.08998 S292a 1954</marc:subfield><marc:subfield code="z">2121</marc:subfield></marc:datafield></marc:record>