
<marc:record><marc:leader>01059pam a2200289 a 4500</marc:leader>
<marc:controlfield tag="008">911105s1991    ne       b    00110 eng  </marc:controlfield>
<marc:datafield tag="010" ind1=" " ind2=" "><marc:subfield code="a">   91040002</marc:subfield></marc:datafield><marc:datafield tag="020" ind1=" " ind2=" "><marc:subfield code="a">1556192886 (alk. paper) :</marc:subfield><marc:subfield code="c">$69.00</marc:subfield></marc:datafield><marc:datafield tag="040" ind1=" " ind2=" "><marc:subfield code="a">DLC</marc:subfield><marc:subfield code="c">DLC</marc:subfield><marc:subfield code="d">DLC</marc:subfield></marc:datafield><marc:datafield tag="050" ind1="0" ind2="0"><marc:subfield code="a">P37</marc:subfield><marc:subfield code="b">.N89 1991</marc:subfield></marc:datafield><marc:datafield tag="082" ind1="0" ind2="0"><marc:subfield code="a">401/.9</marc:subfield><marc:subfield code="2">20</marc:subfield></marc:datafield><marc:datafield tag="100" ind1="1" ind2=" "><marc:subfield code="a">Nuyts, Jan.</marc:subfield></marc:datafield><marc:datafield tag="245" ind1="1" ind2="0"><marc:subfield code="a">Aspects of a cognitive-pragmatic theory of language :</marc:subfield><marc:subfield code="b">on cognition, functionalism, and grammar /</marc:subfield><marc:subfield code="c">Jan Nuyts.</marc:subfield></marc:datafield><marc:datafield tag="260" ind1=" " ind2=" "><marc:subfield code="a">Amsterdam ;</marc:subfield><marc:subfield code="a">Philadelphia :</marc:subfield><marc:subfield code="b">J. Benjamins,</marc:subfield><marc:subfield code="c">1992.</marc:subfield></marc:datafield><marc:datafield tag="300" ind1=" " ind2=" "><marc:subfield code="a">xii, 399 p. ;</marc:subfield><marc:subfield code="c">23 cm.</marc:subfield></marc:datafield><marc:datafield tag="490" ind1="1" ind2=" "><marc:subfield code="a">Pragmatics and beyond,</marc:subfield><marc:subfield code="x">0922-842X ;</marc:subfield><marc:subfield code="v">new ser. 20</marc:subfield></marc:datafield><marc:datafield tag="504" ind1=" " ind2=" "><marc:subfield code="a">Includes bibliographical references and indexes.</marc:subfield></marc:datafield><marc:datafield tag="650" ind1=" " ind2="0"><marc:subfield code="a">Psycholinguistics.</marc:subfield></marc:datafield><marc:datafield tag="650" ind1=" " ind2="0"><marc:subfield code="a">Cognition.</marc:subfield></marc:datafield><marc:datafield tag="650" ind1=" " ind2="0"><marc:subfield code="a">Functionalism (Linguistics)</marc:subfield></marc:datafield><marc:datafield tag="650" ind1=" " ind2="0"><marc:subfield code="a">Generative grammar.</marc:subfield></marc:datafield><marc:datafield tag="830" ind1=" " ind2="0"><marc:subfield code="a">Pragmatics &amp; beyond,</marc:subfield><marc:subfield code="x">0922-842X ;</marc:subfield><marc:subfield code="v">new ser. 20.</marc:subfield></marc:datafield><marc:datafield tag="035" ind1=" " ind2=" "><marc:subfield code="a">(TxDaGIAL)37741100010600</marc:subfield></marc:datafield><marc:controlfield tag="005">20080624154524.0</marc:controlfield><marc:controlfield tag="001">711</marc:controlfield><marc:controlfield tag="003">TxDaGIAL</marc:controlfield><marc:datafield tag="852" ind1=" " ind2=" "><marc:subfield code="p">37741100010600</marc:subfield><marc:subfield code="a">Library</marc:subfield><marc:subfield code="9">$60.03</marc:subfield><marc:subfield code="x">COPYID:805</marc:subfield><marc:subfield code="x">FSC@aRegular@c19960401</marc:subfield><marc:subfield code="h">401.9 N968a 1992</marc:subfield><marc:subfield code="z">B/T 12-93</marc:subfield></marc:datafield></marc:record>