
<marc:record><marc:leader>00786nam a2200253 a 4500</marc:leader>
<marc:controlfield tag="008">830908s1982    ii       b    00110 eng  </marc:controlfield>
<marc:datafield tag="010" ind1=" " ind2=" "><marc:subfield code="a">   82906210</marc:subfield></marc:datafield><marc:datafield tag="020" ind1=" " ind2=" "><marc:subfield code="c">Rs60.00</marc:subfield></marc:datafield><marc:datafield tag="040" ind1=" " ind2=" "><marc:subfield code="a">DLC</marc:subfield><marc:subfield code="c">DLC</marc:subfield><marc:subfield code="d">TxDaGIAL</marc:subfield></marc:datafield><marc:datafield tag="043" ind1=" " ind2=" "><marc:subfield code="a">a-ii---</marc:subfield></marc:datafield><marc:datafield tag="050" ind1="0" ind2=" "><marc:subfield code="a">LC5257.I4</marc:subfield><marc:subfield code="b">R27 1982</marc:subfield></marc:datafield><marc:datafield tag="082" ind1="0" ind2=" "><marc:subfield code="a">374/.954</marc:subfield><marc:subfield code="2">19</marc:subfield></marc:datafield><marc:datafield tag="100" ind1="0" ind2="0"><marc:subfield code="a">Rajkumari Chandrasekhar.</marc:subfield></marc:datafield><marc:datafield tag="245" ind1="1" ind2="0"><marc:subfield code="a">Aspects of adult education /</marc:subfield><marc:subfield code="c">Rajkumari Chandrasekhar.</marc:subfield></marc:datafield><marc:datafield tag="260" ind1="0" ind2=" "><marc:subfield code="a">Madras :</marc:subfield><marc:subfield code="b">New Era Publications,</marc:subfield><marc:subfield code="c">c1982.</marc:subfield></marc:datafield><marc:datafield tag="300" ind1=" " ind2=" "><marc:subfield code="a">viii, 151 p. ;</marc:subfield><marc:subfield code="c">23 cm.</marc:subfield></marc:datafield><marc:datafield tag="504" ind1=" " ind2=" "><marc:subfield code="a">Bibliography: p. 145-148.</marc:subfield></marc:datafield><marc:datafield tag="500" ind1=" " ind2=" "><marc:subfield code="a">Includes index.</marc:subfield></marc:datafield><marc:datafield tag="650" ind1=" " ind2="0"><marc:subfield code="a">Adult education</marc:subfield><marc:subfield code="z">India.</marc:subfield></marc:datafield><marc:datafield tag="035" ind1=" " ind2=" "><marc:subfield code="a">(TxDaGIAL)37741100011867</marc:subfield></marc:datafield><marc:controlfield tag="005">20080624154524.0</marc:controlfield><marc:controlfield tag="001">712</marc:controlfield><marc:controlfield tag="003">TxDaGIAL</marc:controlfield><marc:datafield tag="852" ind1=" " ind2=" "><marc:subfield code="p">37741100011867</marc:subfield><marc:subfield code="a">Library</marc:subfield><marc:subfield code="x">COPYID:806</marc:subfield><marc:subfield code="x">FSC@aRegular@c19960613</marc:subfield><marc:subfield code="h">374.954 C456a 1982</marc:subfield><marc:subfield code="z">12409</marc:subfield></marc:datafield></marc:record>