
<marc:record><marc:leader>00899cam a2200277 i 4500</marc:leader>
<marc:controlfield tag="008">710520s1971    nyu      b    00010 eng  </marc:controlfield>
<marc:datafield tag="010" ind1=" " ind2=" "><marc:subfield code="a">   76151068 //r89</marc:subfield></marc:datafield><marc:datafield tag="020" ind1=" " ind2=" "><marc:subfield code="a">0155038214</marc:subfield></marc:datafield><marc:datafield tag="040" ind1=" " ind2=" "><marc:subfield code="a">DLC</marc:subfield><marc:subfield code="c">DLC</marc:subfield><marc:subfield code="d">TxDaGIAL</marc:subfield></marc:datafield><marc:datafield tag="043" ind1=" " ind2=" "><marc:subfield code="a">n-us---</marc:subfield></marc:datafield><marc:datafield tag="050" ind1="0" ind2=" "><marc:subfield code="a">PE2808</marc:subfield><marc:subfield code="b">.K4 1971</marc:subfield></marc:datafield><marc:datafield tag="082" ind1=" " ind2=" "><marc:subfield code="a">428</marc:subfield></marc:datafield><marc:datafield tag="100" ind1="1" ind2="0"><marc:subfield code="a">Kerr, Elizabeth Margaret,</marc:subfield><marc:subfield code="d">1905-</marc:subfield><marc:subfield code="e">comp.</marc:subfield></marc:datafield><marc:datafield tag="245" ind1="1" ind2="0"><marc:subfield code="a">Aspects of American English /</marc:subfield><marc:subfield code="c">Elizabeth M. Kerr, Ralph M. Aderman.</marc:subfield></marc:datafield><marc:datafield tag="250" ind1=" " ind2=" "><marc:subfield code="a">2d ed.</marc:subfield></marc:datafield><marc:datafield tag="260" ind1="0" ind2=" "><marc:subfield code="a">New York :</marc:subfield><marc:subfield code="b">Harcourt Brace Jovanovich,</marc:subfield><marc:subfield code="c">c1971.</marc:subfield></marc:datafield><marc:datafield tag="300" ind1=" " ind2=" "><marc:subfield code="a">xii, 380 p. ;</marc:subfield><marc:subfield code="c">21 cm.</marc:subfield></marc:datafield><marc:datafield tag="504" ind1=" " ind2=" "><marc:subfield code="a">Bibliography: p. 377-380.</marc:subfield></marc:datafield><marc:datafield tag="650" ind1=" " ind2="0"><marc:subfield code="a">English language</marc:subfield><marc:subfield code="z">United States.</marc:subfield></marc:datafield><marc:datafield tag="650" ind1=" " ind2="0"><marc:subfield code="a">Language and languages.</marc:subfield></marc:datafield><marc:datafield tag="700" ind1="1" ind2="0"><marc:subfield code="a">Aderman, Ralph M.,</marc:subfield><marc:subfield code="e">joint comp.</marc:subfield></marc:datafield><marc:datafield tag="035" ind1=" " ind2=" "><marc:subfield code="a">(TxDaGIAL)37741100005236</marc:subfield></marc:datafield><marc:controlfield tag="005">20080624154524.0</marc:controlfield><marc:controlfield tag="001">713</marc:controlfield><marc:controlfield tag="003">TxDaGIAL</marc:controlfield><marc:datafield tag="852" ind1=" " ind2=" "><marc:subfield code="p">37741100005236</marc:subfield><marc:subfield code="a">Library</marc:subfield><marc:subfield code="x">COPYID:807</marc:subfield><marc:subfield code="x">FSC@aRegular@c19950627</marc:subfield><marc:subfield code="h">428 K41a 1971</marc:subfield><marc:subfield code="z">9855</marc:subfield></marc:datafield></marc:record>