
<marc:record><marc:leader>01029Qam a2200265Ia 4500</marc:leader>
<marc:controlfield tag="008">800527s1980    inu      b    000 0 eng d</marc:controlfield>
<marc:datafield tag="035" ind1=" " ind2=" "><marc:subfield code="a">(CU-UC)dlaisn355841</marc:subfield></marc:datafield><marc:datafield tag="040" ind1=" " ind2=" "><marc:subfield code="a">WAU</marc:subfield><marc:subfield code="c">WAU</marc:subfield><marc:subfield code="d">CU-SC</marc:subfield></marc:datafield><marc:datafield tag="100" ind1="1" ind2=" "><marc:subfield code="a">Bakir, Murtadha Jawad.</marc:subfield></marc:datafield><marc:datafield tag="245" ind1="1" ind2="0"><marc:subfield code="a">Aspects of clause structure in Arabic :</marc:subfield><marc:subfield code="b">a study in word order variation in literary Arabic /</marc:subfield><marc:subfield code="c">Murtadha Jawad Bakir.</marc:subfield></marc:datafield><marc:datafield tag="260" ind1=" " ind2=" "><marc:subfield code="a">Bloomington :</marc:subfield><marc:subfield code="b">Indiana University Linguistics Club,</marc:subfield><marc:subfield code="c">1980, c1979.</marc:subfield></marc:datafield><marc:datafield tag="300" ind1=" " ind2=" "><marc:subfield code="a">190 p. ;</marc:subfield><marc:subfield code="c">28 cm.</marc:subfield></marc:datafield><marc:datafield tag="500" ind1=" " ind2=" "><marc:subfield code="a">Photocopy.</marc:subfield></marc:datafield><marc:datafield tag="502" ind1=" " ind2=" "><marc:subfield code="a">Originally presented as the author's thesis, Indiana University at Bloomington, 1979.</marc:subfield></marc:datafield><marc:datafield tag="504" ind1=" " ind2=" "><marc:subfield code="a">Bibliography: p. [187]-190.</marc:subfield></marc:datafield><marc:datafield tag="546" ind1=" " ind2=" "><marc:subfield code="a">English.</marc:subfield></marc:datafield><marc:datafield tag="650" ind1=" " ind2="0"><marc:subfield code="a">Arabic language</marc:subfield><marc:subfield code="x">Word formation.</marc:subfield></marc:datafield><marc:datafield tag="650" ind1=" " ind2="0"><marc:subfield code="a">Arabic language</marc:subfield><marc:subfield code="x">Terms and phrases.</marc:subfield></marc:datafield><marc:datafield tag="650" ind1=" " ind2="0"><marc:subfield code="a">Arabic language</marc:subfield><marc:subfield code="x">Grammar.</marc:subfield></marc:datafield><marc:datafield tag="710" ind1="2" ind2="0"><marc:subfield code="a">Indiana University Linguistics Club.</marc:subfield></marc:datafield><marc:datafield tag="035" ind1=" " ind2=" "><marc:subfield code="a">(TxDaGIAL)37741100014692</marc:subfield></marc:datafield><marc:controlfield tag="005">20080624154525.0</marc:controlfield><marc:controlfield tag="001">715</marc:controlfield><marc:controlfield tag="003">TxDaGIAL</marc:controlfield><marc:datafield tag="852" ind1=" " ind2=" "><marc:subfield code="p">37741100014692</marc:subfield><marc:subfield code="a">Library</marc:subfield><marc:subfield code="x">COPYID:809</marc:subfield><marc:subfield code="x">FSC@aRegular@c19970124</marc:subfield><marc:subfield code="h">492.7 B168a 1980</marc:subfield></marc:datafield></marc:record>