
<marc:record><marc:leader>01047nam a2200277 a 4500</marc:leader>
<marc:controlfield tag="008">880721c19861985inu      b    00010 eng  </marc:controlfield>
<marc:datafield tag="010" ind1=" " ind2=" "><marc:subfield code="a">   88164318</marc:subfield></marc:datafield><marc:datafield tag="040" ind1=" " ind2=" "><marc:subfield code="a">DLC</marc:subfield><marc:subfield code="c">DLC</marc:subfield><marc:subfield code="d">DLC</marc:subfield></marc:datafield><marc:datafield tag="050" ind1="0" ind2="0"><marc:subfield code="a">PL8025.1</marc:subfield><marc:subfield code="b">.P47 1986</marc:subfield></marc:datafield><marc:datafield tag="082" ind1="0" ind2="0"><marc:subfield code="a">496/.394</marc:subfield><marc:subfield code="2">20</marc:subfield></marc:datafield><marc:datafield tag="100" ind1="1" ind2="0"><marc:subfield code="a">Perez, Carolyn Harford.</marc:subfield></marc:datafield><marc:datafield tag="245" ind1="1" ind2="0"><marc:subfield code="a">Aspects of complementation in three Bantu languages /</marc:subfield><marc:subfield code="c">by Carolyn Harford Perez.</marc:subfield></marc:datafield><marc:datafield tag="260" ind1="0" ind2=" "><marc:subfield code="a">Bloomington, Ind. (310 Lindley Hall, Bloomington 47405) :</marc:subfield><marc:subfield code="b">Reproduced by the Indiana University Linguistics Club,</marc:subfield><marc:subfield code="c">[1986], c1985.</marc:subfield></marc:datafield><marc:datafield tag="300" ind1=" " ind2=" "><marc:subfield code="a">viii, 100 p. ;</marc:subfield><marc:subfield code="c">28 cm.</marc:subfield></marc:datafield><marc:datafield tag="500" ind1=" " ind2=" "><marc:subfield code="a">&quot;April 1986.&quot;</marc:subfield></marc:datafield><marc:datafield tag="502" ind1=" " ind2=" "><marc:subfield code="a">Thesis (Ph. D.)--University of Wisconsin, 1985.</marc:subfield></marc:datafield><marc:datafield tag="504" ind1=" " ind2=" "><marc:subfield code="a">Bibliography: p. 96-100.</marc:subfield></marc:datafield><marc:datafield tag="650" ind1=" " ind2="0"><marc:subfield code="a">Bantu languages</marc:subfield><marc:subfield code="x">Complement.</marc:subfield></marc:datafield><marc:datafield tag="650" ind1=" " ind2="0"><marc:subfield code="a">Kikuyu language</marc:subfield><marc:subfield code="x">Complement.</marc:subfield></marc:datafield><marc:datafield tag="650" ind1=" " ind2="0"><marc:subfield code="a">Shona language</marc:subfield><marc:subfield code="x">Complement.</marc:subfield></marc:datafield><marc:datafield tag="650" ind1=" " ind2="0"><marc:subfield code="a">Rundi language</marc:subfield><marc:subfield code="x">Complement.</marc:subfield></marc:datafield><marc:datafield tag="035" ind1=" " ind2=" "><marc:subfield code="a">(TxDaGIAL)37741100006919</marc:subfield></marc:datafield><marc:controlfield tag="005">20080624154525.0</marc:controlfield><marc:controlfield tag="001">716</marc:controlfield><marc:controlfield tag="003">TxDaGIAL</marc:controlfield><marc:datafield tag="852" ind1=" " ind2=" "><marc:subfield code="p">37741100006919</marc:subfield><marc:subfield code="a">Library</marc:subfield><marc:subfield code="x">COPYID:810</marc:subfield><marc:subfield code="x">FSC@aRegular@c19950816</marc:subfield><marc:subfield code="h">496.394 P438a 1986</marc:subfield><marc:subfield code="z">12264</marc:subfield></marc:datafield></marc:record>