
<marc:record><marc:leader>01220cam a2200277   4500</marc:leader>
<marc:controlfield tag="008">720818s1972    gau      b    00000 eng  </marc:controlfield>
<marc:datafield tag="010" ind1=" " ind2=" "><marc:subfield code="a">   74190047 //r85</marc:subfield></marc:datafield><marc:datafield tag="020" ind1=" " ind2=" "><marc:subfield code="a">0820302864</marc:subfield></marc:datafield><marc:datafield tag="040" ind1=" " ind2=" "><marc:subfield code="a">DLC</marc:subfield><marc:subfield code="c">DLC</marc:subfield><marc:subfield code="d">TxDaGIAL</marc:subfield></marc:datafield><marc:datafield tag="050" ind1="0" ind2=" "><marc:subfield code="a">GN2</marc:subfield><marc:subfield code="b">.S9243 no. 6</marc:subfield><marc:subfield code="a">HM101</marc:subfield></marc:datafield><marc:datafield tag="082" ind1=" " ind2=" "><marc:subfield code="a">301.2 s</marc:subfield><marc:subfield code="a">310.24/1</marc:subfield></marc:datafield><marc:datafield tag="245" ind1="0" ind2="0"><marc:subfield code="a">Aspects of cultural change /</marc:subfield><marc:subfield code="c">Joseph B. Aceves, editor.</marc:subfield></marc:datafield><marc:datafield tag="260" ind1="0" ind2=" "><marc:subfield code="a">Athens :</marc:subfield><marc:subfield code="b">Southern Anthropological Society; distributed by the University of Georgia Press,</marc:subfield><marc:subfield code="c">[1972]</marc:subfield></marc:datafield><marc:datafield tag="300" ind1=" " ind2=" "><marc:subfield code="a">vii, 112 p. ;</marc:subfield><marc:subfield code="c">23 cm.</marc:subfield></marc:datafield><marc:datafield tag="490" ind1="1" ind2=" "><marc:subfield code="a">Southern Anthropological Society. Proceedings ;</marc:subfield><marc:subfield code="v">no. 6</marc:subfield></marc:datafield><marc:datafield tag="500" ind1=" " ind2=" "><marc:subfield code="a">Papers delivered at the key symposium entitled &quot;Anthropological approaches to development and change,&quot; at the sixth annual meeting of the Southern Anthropological Society, held in Dallas, April 1-3, 1971.</marc:subfield></marc:datafield><marc:datafield tag="504" ind1=" " ind2=" "><marc:subfield code="a">Includes bibliographies.</marc:subfield></marc:datafield><marc:datafield tag="650" ind1=" " ind2="0"><marc:subfield code="a">Social change</marc:subfield><marc:subfield code="v">Congresses.</marc:subfield></marc:datafield><marc:datafield tag="700" ind1="1" ind2="0"><marc:subfield code="a">Aceves, Joseph B.,</marc:subfield><marc:subfield code="e">ed.</marc:subfield></marc:datafield><marc:datafield tag="710" ind1="2" ind2="0"><marc:subfield code="a">Southern Anthropological Society.</marc:subfield></marc:datafield><marc:datafield tag="830" ind1=" " ind2="0"><marc:subfield code="a">Southern Anthropological Society proceedings ;</marc:subfield><marc:subfield code="v">no. 6.</marc:subfield></marc:datafield><marc:datafield tag="035" ind1=" " ind2=" "><marc:subfield code="a">(TxDaGIAL)37741100011714</marc:subfield></marc:datafield><marc:controlfield tag="005">20080624154525.0</marc:controlfield><marc:controlfield tag="001">717</marc:controlfield><marc:controlfield tag="003">TxDaGIAL</marc:controlfield><marc:datafield tag="852" ind1=" " ind2=" "><marc:subfield code="p">37741100011714</marc:subfield><marc:subfield code="a">Library</marc:subfield><marc:subfield code="x">COPYID:811</marc:subfield><marc:subfield code="x">FSC@aRegular@c19960606</marc:subfield><marc:subfield code="h">303.4 S727a 1972</marc:subfield><marc:subfield code="z">4233</marc:subfield></marc:datafield></marc:record>