
<marc:record><marc:leader>00952pam a2200253 a 4500</marc:leader>
<marc:controlfield tag="008">850423s1985    ne a     b    00110 eng  </marc:controlfield>
<marc:datafield tag="010" ind1=" " ind2=" "><marc:subfield code="a">   85009211</marc:subfield></marc:datafield><marc:datafield tag="020" ind1=" " ind2=" "><marc:subfield code="a">9027235325 (alk. paper) :</marc:subfield><marc:subfield code="c">$34.00</marc:subfield></marc:datafield><marc:datafield tag="040" ind1=" " ind2=" "><marc:subfield code="a">DLC</marc:subfield><marc:subfield code="c">DLC</marc:subfield><marc:subfield code="d">DLC</marc:subfield></marc:datafield><marc:datafield tag="050" ind1="0" ind2=" "><marc:subfield code="a">P217</marc:subfield><marc:subfield code="b">.G74 1985</marc:subfield></marc:datafield><marc:datafield tag="082" ind1="0" ind2=" "><marc:subfield code="a">414</marc:subfield><marc:subfield code="2">19</marc:subfield></marc:datafield><marc:datafield tag="100" ind1="1" ind2="0"><marc:subfield code="a">Griffen, Toby D.</marc:subfield></marc:datafield><marc:datafield tag="245" ind1="1" ind2="0"><marc:subfield code="a">Aspects of dynamic phonology /</marc:subfield><marc:subfield code="c">Toby D. Griffen.</marc:subfield></marc:datafield><marc:datafield tag="260" ind1="0" ind2=" "><marc:subfield code="a">Amsterdam ;</marc:subfield><marc:subfield code="a">Philadelphia :</marc:subfield><marc:subfield code="b">J. Benjamins,</marc:subfield><marc:subfield code="c">1985.</marc:subfield></marc:datafield><marc:datafield tag="300" ind1=" " ind2=" "><marc:subfield code="a">viii, 302 p. :</marc:subfield><marc:subfield code="b">ill. ;</marc:subfield><marc:subfield code="c">23 cm.</marc:subfield></marc:datafield><marc:datafield tag="440" ind1=" " ind2="0"><marc:subfield code="a">Amsterdam studies in the theory and history of linguistic science.</marc:subfield><marc:subfield code="n">Series IV,</marc:subfield><marc:subfield code="p">Current issues in linguistic theory,</marc:subfield><marc:subfield code="x">0304-0763 ;</marc:subfield><marc:subfield code="v">v. 37</marc:subfield></marc:datafield><marc:datafield tag="504" ind1=" " ind2=" "><marc:subfield code="a">Bibliography: p. [279]-292.</marc:subfield></marc:datafield><marc:datafield tag="500" ind1=" " ind2=" "><marc:subfield code="a">Includes indexes.</marc:subfield></marc:datafield><marc:datafield tag="650" ind1=" " ind2="0"><marc:subfield code="a">Grammar, Comparative and general</marc:subfield><marc:subfield code="x">Phonology.</marc:subfield></marc:datafield><marc:datafield tag="035" ind1=" " ind2=" "><marc:subfield code="a">(TxDaGIAL)37741100003075</marc:subfield></marc:datafield><marc:controlfield tag="005">20080624154526.0</marc:controlfield><marc:controlfield tag="001">718</marc:controlfield><marc:controlfield tag="003">TxDaGIAL</marc:controlfield><marc:datafield tag="852" ind1=" " ind2=" "><marc:subfield code="p">37741100003075</marc:subfield><marc:subfield code="a">Library</marc:subfield><marc:subfield code="x">COPYID:812</marc:subfield><marc:subfield code="x">FSC@aRegular@c19950403</marc:subfield><marc:subfield code="h">414 G852a 1985</marc:subfield><marc:subfield code="z">11916</marc:subfield></marc:datafield></marc:record>