
<marc:record><marc:leader>00953nam a2200217Ii 4500</marc:leader>
<marc:controlfield tag="008">800421s19561956ctua     b    000 0 eng d</marc:controlfield>
<marc:datafield tag="040" ind1=" " ind2=" "><marc:subfield code="a">AZS</marc:subfield><marc:subfield code="c">AZS</marc:subfield><marc:subfield code="d">m.c.</marc:subfield></marc:datafield><marc:datafield tag="100" ind1="1" ind2=" "><marc:subfield code="a">Hauck, Hazel Marie.</marc:subfield></marc:datafield><marc:datafield tag="245" ind1="1" ind2="0"><marc:subfield code="a">Aspects of health, sanitation and nutritional status in a Siamese rice village :</marc:subfield><marc:subfield code="b">studies in Bang Chan, 1952-1954 /</marc:subfield><marc:subfield code="c">Hazel M. Hauck with the assistance of Anusith Rajatasilpin ... [et al.].</marc:subfield></marc:datafield><marc:datafield tag="260" ind1=" " ind2=" "><marc:subfield code="a">Ithaca, N.Y. :</marc:subfield><marc:subfield code="b">Cornell University,</marc:subfield><marc:subfield code="c">1956.</marc:subfield></marc:datafield><marc:datafield tag="300" ind1=" " ind2=" "><marc:subfield code="a">ix, 73 p. :</marc:subfield><marc:subfield code="b">ill. ;</marc:subfield><marc:subfield code="c">27 cm.</marc:subfield></marc:datafield><marc:datafield tag="490" ind1="1" ind2=" "><marc:subfield code="a">Data paper - Southeast Asia Program ; no. 22.</marc:subfield></marc:datafield><marc:datafield tag="490" ind1="1" ind2=" "><marc:subfield code="a">Interim reports series - Cornell Thailand Project ; no. 2.</marc:subfield></marc:datafield><marc:datafield tag="504" ind1=" " ind2=" "><marc:subfield code="a">Bibliography: p. 47-49.</marc:subfield></marc:datafield><marc:datafield tag="650" ind1=" " ind2="0"><marc:subfield code="a">Public health</marc:subfield><marc:subfield code="z">Thailand</marc:subfield><marc:subfield code="z">Bang Chiang.</marc:subfield></marc:datafield><marc:datafield tag="710" ind1="2" ind2="0"><marc:subfield code="a">Cornell University.</marc:subfield><marc:subfield code="b">Thailand Project.</marc:subfield></marc:datafield><marc:datafield tag="035" ind1=" " ind2=" "><marc:subfield code="a">(TxDaGIAL)37741100015174</marc:subfield></marc:datafield><marc:controlfield tag="005">20080624154526.0</marc:controlfield><marc:controlfield tag="001">721</marc:controlfield><marc:controlfield tag="003">TxDaGIAL</marc:controlfield><marc:datafield tag="852" ind1=" " ind2=" "><marc:subfield code="p">37741100015174</marc:subfield><marc:subfield code="a">Library</marc:subfield><marc:subfield code="x">COPYID:815</marc:subfield><marc:subfield code="x">FSC@aRegular@c19970206</marc:subfield><marc:subfield code="h">362.109593 H368a 1956</marc:subfield><marc:subfield code="z">1992</marc:subfield></marc:datafield></marc:record>