
<marc:record><marc:leader>00733nam a2200217 a 4500</marc:leader>
<marc:controlfield tag="008">810909s19811981miua     b    00010 eng d</marc:controlfield>
<marc:datafield tag="035" ind1=" " ind2=" "><marc:subfield code="a">(CU-UC)4749053</marc:subfield></marc:datafield><marc:datafield tag="040" ind1=" " ind2=" "><marc:subfield code="a">IUA</marc:subfield><marc:subfield code="c">IUA</marc:subfield><marc:subfield code="d">CU-S</marc:subfield><marc:subfield code="d">TxDaGIAL</marc:subfield></marc:datafield><marc:datafield tag="100" ind1="1" ind2="0"><marc:subfield code="a">Hwang, Shin Ja Joo.</marc:subfield></marc:datafield><marc:datafield tag="245" ind1="1" ind2="0"><marc:subfield code="a">Aspects of Korean narration /</marc:subfield><marc:subfield code="c">Shin Ja Joo Hwang.</marc:subfield></marc:datafield><marc:datafield tag="260" ind1="1" ind2=" "><marc:subfield code="c">1981.</marc:subfield></marc:datafield><marc:datafield tag="300" ind1=" " ind2=" "><marc:subfield code="a">xiv, 334 leaves :</marc:subfield><marc:subfield code="b">ill. ;</marc:subfield><marc:subfield code="c">29 cm.</marc:subfield></marc:datafield><marc:datafield tag="502" ind1=" " ind2=" "><marc:subfield code="a">Thesis (Ph. D.)--University of Texas at Arlington, 1981.</marc:subfield></marc:datafield><marc:datafield tag="504" ind1=" " ind2=" "><marc:subfield code="a">Bibliography: leaves 324-334.</marc:subfield></marc:datafield><marc:datafield tag="546" ind1=" " ind2=" "><marc:subfield code="a">English.</marc:subfield></marc:datafield><marc:datafield tag="650" ind1=" " ind2="0"><marc:subfield code="a">Korean language</marc:subfield><marc:subfield code="x">Discourse analysis.</marc:subfield></marc:datafield><marc:datafield tag="035" ind1=" " ind2=" "><marc:subfield code="a">(TxDaGIAL)37741100015367</marc:subfield></marc:datafield><marc:controlfield tag="005">20080624154526.0</marc:controlfield><marc:controlfield tag="001">722</marc:controlfield><marc:controlfield tag="003">TxDaGIAL</marc:controlfield><marc:datafield tag="852" ind1=" " ind2=" "><marc:subfield code="p">37741100015367</marc:subfield><marc:subfield code="a">Library</marc:subfield><marc:subfield code="x">COPYID:816</marc:subfield><marc:subfield code="x">FSC@aRegular@c19970224</marc:subfield><marc:subfield code="h">495.70141 H991d 1981</marc:subfield><marc:subfield code="z">7733</marc:subfield></marc:datafield></marc:record>