
<marc:record><marc:leader>00979nam a2200241 a 4500</marc:leader>
<marc:controlfield tag="008">970417s1991    enkbd         000 0 eng d</marc:controlfield>
<marc:datafield tag="040" ind1=" " ind2=" "><marc:subfield code="a">TxDaGIAL</marc:subfield><marc:subfield code="c">TxDaGIAL</marc:subfield></marc:datafield><marc:datafield tag="100" ind1="1" ind2=" "><marc:subfield code="a">Arensen, Jonathan E.</marc:subfield></marc:datafield><marc:datafield tag="245" ind1="1" ind2="0"><marc:subfield code="a">Aspects of language and society among the Murle of Sudan /</marc:subfield><marc:subfield code="c">Jonathan E. Arensen.</marc:subfield></marc:datafield><marc:datafield tag="260" ind1=" " ind2=" "><marc:subfield code="c">1991.</marc:subfield></marc:datafield><marc:datafield tag="300" ind1=" " ind2=" "><marc:subfield code="a">vii, 432 leaves :</marc:subfield><marc:subfield code="b">maps, charts ;</marc:subfield><marc:subfield code="c">31 cm.</marc:subfield></marc:datafield><marc:datafield tag="502" ind1=" " ind2=" "><marc:subfield code="a">Thesis (Ph.D.)--Wolfson College, 1991.</marc:subfield></marc:datafield><marc:datafield tag="504" ind1=" " ind2=" "><marc:subfield code="a">Includes bibliographical references (leaves 371-382).</marc:subfield></marc:datafield><marc:datafield tag="650" ind1=" " ind2="0"><marc:subfield code="a">Murle (African people)</marc:subfield><marc:subfield code="x">Social life and customs.</marc:subfield></marc:datafield><marc:datafield tag="650" ind1=" " ind2="0"><marc:subfield code="a">Murle (African people)</marc:subfield><marc:subfield code="x">Religion.</marc:subfield></marc:datafield><marc:datafield tag="650" ind1=" " ind2="0"><marc:subfield code="a">Murle language</marc:subfield><marc:subfield code="x">Social aspects.</marc:subfield></marc:datafield><marc:datafield tag="610" ind1="2" ind2="0"><marc:subfield code="a">University of Oxford.</marc:subfield><marc:subfield code="b">Wolfson College</marc:subfield><marc:subfield code="x">Dissertations.</marc:subfield></marc:datafield><marc:datafield tag="035" ind1=" " ind2=" "><marc:subfield code="a">(TxDaGIAL)37741100016999</marc:subfield></marc:datafield><marc:datafield tag="590" ind1=" " ind2=" "><marc:subfield code="a">Scanning in progress.</marc:subfield></marc:datafield><marc:controlfield tag="005">20090216113155.0</marc:controlfield><marc:controlfield tag="001">724</marc:controlfield><marc:controlfield tag="003">TxDaGIAL</marc:controlfield><marc:datafield tag="852" ind1=" " ind2=" "><marc:subfield code="p">37741100016999</marc:subfield><marc:subfield code="a">Library</marc:subfield><marc:subfield code="b">Archives</marc:subfield><marc:subfield code="9">$0.00</marc:subfield><marc:subfield code="x">COPYID:818</marc:subfield><marc:subfield code="x">FSC@aRegular@c19970422@j@j@j@i@i@i</marc:subfield><marc:subfield code="h">306.4408962 A681a 1991</marc:subfield><marc:subfield code="z">Author gift 4-92</marc:subfield></marc:datafield></marc:record>