
<marc:record><marc:leader>00899nam a2200241 i 4500</marc:leader>
<marc:controlfield tag="008">801021s1978    nika     b    00000 eng  </marc:controlfield>
<marc:datafield tag="010" ind1=" " ind2=" "><marc:subfield code="a">   80502690</marc:subfield></marc:datafield><marc:datafield tag="015" ind1=" " ind2=" "><marc:subfield code="a">GB80-05284</marc:subfield></marc:datafield><marc:datafield tag="040" ind1=" " ind2=" "><marc:subfield code="a">DLC</marc:subfield><marc:subfield code="c">DLC</marc:subfield></marc:datafield><marc:datafield tag="050" ind1="0" ind2=" "><marc:subfield code="a">PL8021.S8</marc:subfield><marc:subfield code="b">A8</marc:subfield></marc:datafield><marc:datafield tag="082" ind1="0" ind2=" "><marc:subfield code="a">409/.624</marc:subfield><marc:subfield code="2">19</marc:subfield></marc:datafield><marc:datafield tag="245" ind1="0" ind2="0"><marc:subfield code="a">Aspects of language in the Sudan /</marc:subfield><marc:subfield code="c">edited by Robin Thelwall.</marc:subfield></marc:datafield><marc:datafield tag="260" ind1="0" ind2=" "><marc:subfield code="a">[Coleraine] :</marc:subfield><marc:subfield code="b">New University of Ulster,</marc:subfield><marc:subfield code="c">1978.</marc:subfield></marc:datafield><marc:datafield tag="300" ind1=" " ind2=" "><marc:subfield code="a">[3], ii [i.e. iii], 220 p., plate :</marc:subfield><marc:subfield code="b">ill., maps ;</marc:subfield><marc:subfield code="c">21 cm.</marc:subfield></marc:datafield><marc:datafield tag="440" ind1=" " ind2="0"><marc:subfield code="a">Occasional papers in linguistics and language learning ;</marc:subfield><marc:subfield code="v">no. 5,</marc:subfield><marc:subfield code="x">0308-2075</marc:subfield></marc:datafield><marc:datafield tag="504" ind1=" " ind2=" "><marc:subfield code="a">Includes bibliographies.</marc:subfield></marc:datafield><marc:datafield tag="651" ind1=" " ind2="0"><marc:subfield code="a">Sudan</marc:subfield><marc:subfield code="x">Languages.</marc:subfield></marc:datafield><marc:datafield tag="700" ind1="1" ind2="0"><marc:subfield code="a">Thelwall, Robin.</marc:subfield></marc:datafield><marc:datafield tag="035" ind1=" " ind2=" "><marc:subfield code="a">(TxDaGIAL)37741100003633</marc:subfield></marc:datafield><marc:controlfield tag="005">20080624154528.0</marc:controlfield><marc:controlfield tag="001">727</marc:controlfield><marc:controlfield tag="003">TxDaGIAL</marc:controlfield><marc:datafield tag="852" ind1=" " ind2=" "><marc:subfield code="p">37741100003633</marc:subfield><marc:subfield code="a">Library</marc:subfield><marc:subfield code="b">James E. Redden Coll</marc:subfield><marc:subfield code="x">COPYID:821</marc:subfield><marc:subfield code="x">FSC@aRegular@c19950420</marc:subfield><marc:subfield code="h">409.624 A838t 1978</marc:subfield><marc:subfield code="z">gift Redden 2-89; orig. acc. no. 13942</marc:subfield></marc:datafield></marc:record>