
<marc:record><marc:leader>01444nam a2200241 i 4500</marc:leader>
<marc:controlfield tag="008">960613s1994    caua          000 0 eng d</marc:controlfield>
<marc:datafield tag="040" ind1=" " ind2=" "><marc:subfield code="a">TxDaGIAL</marc:subfield><marc:subfield code="c">TxDaGIAL</marc:subfield></marc:datafield><marc:datafield tag="082" ind1="0" ind2="4"><marc:subfield code="a">496.39</marc:subfield><marc:subfield code="2">20</marc:subfield></marc:datafield><marc:datafield tag="245" ind1="0" ind2="0"><marc:subfield code="a">Aspects of Nchufie grammar /</marc:subfield><marc:subfield code="c">edited by Hilda Koopman and Mural Kural.</marc:subfield></marc:datafield><marc:datafield tag="260" ind1=" " ind2=" "><marc:subfield code="a">Los Angeles :</marc:subfield><marc:subfield code="b">Linguistics Dept., University of Californai, Los Angeles,</marc:subfield><marc:subfield code="c">1994.</marc:subfield></marc:datafield><marc:datafield tag="300" ind1=" " ind2=" "><marc:subfield code="a">164 p. :</marc:subfield><marc:subfield code="b">ill. ;</marc:subfield><marc:subfield code="c">28 cm.</marc:subfield></marc:datafield><marc:datafield tag="440" ind1=" " ind2="0"><marc:subfield code="a">UCLA occasional papers in linguistics ;</marc:subfield><marc:subfield code="v">14</marc:subfield></marc:datafield><marc:datafield tag="504" ind1=" " ind2=" "><marc:subfield code="a">Includes bibliographical references.</marc:subfield></marc:datafield><marc:datafield tag="505" ind1="0" ind2=" "><marc:subfield code="a">Introductory remarks / Hilda Koopman -- Pitch and duration of yes-no questions in Nchufie / Dani Byrd -- On optional and obligatory prenasalization in Nchufie reduplication / Daniel Silverman -- The tones of Nchufie verbal inflection / Dorit Ben-Shalom -- Aspects of the morpho-syntax of Nchufie nominals / Michael Nkemnji -- Negation in Nchufie / Seungho Nam -- Facts of Nchufie DP's / Luc Moritz -- Resumptive pronouns in Nchufie, the ECT, and the least-effort condition / Tetsuya Sano -- On wh-questions in Nchufie / Nakamura Akira -- Nchufie wh-in-situ and locality / Murat Kural and Luc Moritz.</marc:subfield></marc:datafield><marc:datafield tag="650" ind1=" " ind2="0"><marc:subfield code="a">Fe'fe' language</marc:subfield><marc:subfield code="x">Grammar.</marc:subfield></marc:datafield><marc:datafield tag="651" ind1=" " ind2="0"><marc:subfield code="a">Cameroon</marc:subfield><marc:subfield code="x">Languages.</marc:subfield></marc:datafield><marc:datafield tag="700" ind1="1" ind2="0"><marc:subfield code="a">Koopman, Hilda Judith.</marc:subfield></marc:datafield><marc:datafield tag="700" ind1="1" ind2="0"><marc:subfield code="a">Kural, Mural.</marc:subfield></marc:datafield><marc:datafield tag="035" ind1=" " ind2=" "><marc:subfield code="a">(TxDaGIAL)37741100000381</marc:subfield></marc:datafield><marc:controlfield tag="005">20080624154528.0</marc:controlfield><marc:controlfield tag="001">729</marc:controlfield><marc:controlfield tag="003">TxDaGIAL</marc:controlfield><marc:datafield tag="852" ind1=" " ind2=" "><marc:subfield code="p">37741100000381</marc:subfield><marc:subfield code="a">Library</marc:subfield><marc:subfield code="x">COPYID:823</marc:subfield><marc:subfield code="x">FSC@aRegular@c19960625</marc:subfield><marc:subfield code="h">496.39 A838k 1994</marc:subfield></marc:datafield></marc:record>