
<marc:record><marc:leader>00923nam a2200241   4500</marc:leader>
<marc:controlfield tag="008">680301s1968    nyua     b    00010 eng  </marc:controlfield>
<marc:datafield tag="010" ind1=" " ind2=" "><marc:subfield code="a">   68010142</marc:subfield></marc:datafield><marc:datafield tag="040" ind1=" " ind2=" "><marc:subfield code="a">DLC</marc:subfield><marc:subfield code="c">DLC</marc:subfield><marc:subfield code="d">DLC</marc:subfield></marc:datafield><marc:datafield tag="050" ind1="0" ind2=" "><marc:subfield code="a">P217</marc:subfield><marc:subfield code="b">.P6</marc:subfield></marc:datafield><marc:datafield tag="082" ind1=" " ind2=" "><marc:subfield code="a">414</marc:subfield></marc:datafield><marc:datafield tag="100" ind1="1" ind2="0"><marc:subfield code="a">Postal, Paul Martin,</marc:subfield><marc:subfield code="d">1936-</marc:subfield></marc:datafield><marc:datafield tag="245" ind1="1" ind2="0"><marc:subfield code="a">Aspects of phonological theory /</marc:subfield><marc:subfield code="c">[by] Paul M. Postal.</marc:subfield></marc:datafield><marc:datafield tag="260" ind1="0" ind2=" "><marc:subfield code="a">New York :</marc:subfield><marc:subfield code="b">Harper &amp; Row,</marc:subfield><marc:subfield code="c">[1968]</marc:subfield></marc:datafield><marc:datafield tag="300" ind1=" " ind2=" "><marc:subfield code="a">xv, 326 p. :</marc:subfield><marc:subfield code="b">illus. ;</marc:subfield><marc:subfield code="c">22 cm.</marc:subfield></marc:datafield><marc:datafield tag="504" ind1=" " ind2=" "><marc:subfield code="a">Bibliography: p. 317-326.</marc:subfield></marc:datafield><marc:datafield tag="650" ind1=" " ind2="0"><marc:subfield code="a">Grammar, Comparative and general</marc:subfield><marc:subfield code="x">Phonology.</marc:subfield></marc:datafield><marc:datafield tag="035" ind1=" " ind2=" "><marc:subfield code="a">(TxDaGIAL)37741100003126</marc:subfield></marc:datafield><marc:controlfield tag="005">20080624154528.0</marc:controlfield><marc:controlfield tag="001">730</marc:controlfield><marc:controlfield tag="003">TxDaGIAL</marc:controlfield><marc:datafield tag="852" ind1=" " ind2=" "><marc:subfield code="p">37741100003126</marc:subfield><marc:subfield code="a">Library</marc:subfield><marc:subfield code="x">COPYID:824</marc:subfield><marc:subfield code="x">FSC@aRegular@c19950403</marc:subfield><marc:subfield code="h">414 P857a 1968</marc:subfield><marc:subfield code="z">1799</marc:subfield></marc:datafield><marc:datafield tag="852" ind1=" " ind2=" "><marc:subfield code="p">37741100003127</marc:subfield><marc:subfield code="a">Library</marc:subfield><marc:subfield code="x">COPYID:825</marc:subfield><marc:subfield code="x">FSC@aRegular@c19950403</marc:subfield><marc:subfield code="h">414 P857a 1968</marc:subfield><marc:subfield code="z">2923</marc:subfield></marc:datafield><marc:datafield tag="852" ind1=" " ind2=" "><marc:subfield code="p">37741100009800</marc:subfield><marc:subfield code="a">Library</marc:subfield><marc:subfield code="9">$0.00</marc:subfield><marc:subfield code="x">COPYID:826</marc:subfield><marc:subfield code="x">FSC@aRegular@c19951129</marc:subfield><marc:subfield code="h">414 P587a 1968</marc:subfield><marc:subfield code="z">Eunice Pike gift 2-95</marc:subfield></marc:datafield></marc:record>