
<marc:record><marc:leader>00992pam a2200241 i 4500</marc:leader>
<marc:controlfield tag="008">760220s1976    mdua     b    10110 eng  </marc:controlfield>
<marc:datafield tag="010" ind1=" " ind2=" "><marc:subfield code="a">   75036956</marc:subfield></marc:datafield><marc:datafield tag="020" ind1=" " ind2=" "><marc:subfield code="a">0801818001.</marc:subfield><marc:subfield code="a">080181801X</marc:subfield><marc:subfield code="b">pbk.</marc:subfield></marc:datafield><marc:datafield tag="040" ind1=" " ind2=" "><marc:subfield code="a">DLC</marc:subfield><marc:subfield code="c">DLC</marc:subfield><marc:subfield code="d">TxDaGIAL</marc:subfield></marc:datafield><marc:datafield tag="050" ind1="0" ind2=" "><marc:subfield code="a">LB1049.95</marc:subfield><marc:subfield code="b">.H93 1974</marc:subfield></marc:datafield><marc:datafield tag="082" ind1=" " ind2=" "><marc:subfield code="a">372.4</marc:subfield></marc:datafield><marc:datafield tag="111" ind1="2" ind2="0"><marc:subfield code="a">Hyman Blumberg Symposium on Research in Early Childhood Education</marc:subfield><marc:subfield code="n">(5th :</marc:subfield><marc:subfield code="d">1974 :</marc:subfield><marc:subfield code="c">Johns Hopkins University)</marc:subfield></marc:datafield><marc:datafield tag="245" ind1="1" ind2="0"><marc:subfield code="a">Aspects of reading acquisition :</marc:subfield><marc:subfield code="b">proceedings of the Fifth Annual Hyman Blumberg Symposium on Research in Early Childhood Education /</marc:subfield><marc:subfield code="c">edited by John T. Guthrie.</marc:subfield></marc:datafield><marc:datafield tag="260" ind1="0" ind2=" "><marc:subfield code="a">Baltimore :</marc:subfield><marc:subfield code="b">Johns Hopkins University Press,</marc:subfield><marc:subfield code="c">c1976.</marc:subfield></marc:datafield><marc:datafield tag="300" ind1=" " ind2=" "><marc:subfield code="a">xv, 222 p. :</marc:subfield><marc:subfield code="b">ill. ;</marc:subfield><marc:subfield code="c">24 cm.</marc:subfield></marc:datafield><marc:datafield tag="504" ind1=" " ind2=" "><marc:subfield code="a">Includes bibliographies and index.</marc:subfield></marc:datafield><marc:datafield tag="650" ind1=" " ind2="0"><marc:subfield code="a">Reading</marc:subfield><marc:subfield code="v">Congresses.</marc:subfield></marc:datafield><marc:datafield tag="700" ind1="1" ind2="0"><marc:subfield code="a">Guthrie, John T.</marc:subfield></marc:datafield><marc:datafield tag="035" ind1=" " ind2=" "><marc:subfield code="a">(TxDaGIAL)37741100011762</marc:subfield></marc:datafield><marc:controlfield tag="005">20080624154528.0</marc:controlfield><marc:controlfield tag="001">731</marc:controlfield><marc:controlfield tag="003">TxDaGIAL</marc:controlfield><marc:datafield tag="852" ind1=" " ind2=" "><marc:subfield code="p">37741100011762</marc:subfield><marc:subfield code="a">Library</marc:subfield><marc:subfield code="x">COPYID:827</marc:subfield><marc:subfield code="x">FSC@aRegular@c19960605</marc:subfield><marc:subfield code="h">372.4 H996a 1976</marc:subfield><marc:subfield code="z">4642</marc:subfield></marc:datafield></marc:record>