
<marc:record><marc:leader>01077pam a22002771a 4500</marc:leader>
<marc:controlfield tag="008">841214s1985    ne       b    00110 eng  </marc:controlfield>
<marc:datafield tag="010" ind1=" " ind2=" "><marc:subfield code="a">   84028681</marc:subfield></marc:datafield><marc:datafield tag="020" ind1=" " ind2=" "><marc:subfield code="a">0444877010 (U.S.)</marc:subfield></marc:datafield><marc:datafield tag="040" ind1=" " ind2=" "><marc:subfield code="a">DLC</marc:subfield><marc:subfield code="c">DLC</marc:subfield><marc:subfield code="d">DLC</marc:subfield></marc:datafield><marc:datafield tag="050" ind1="1" ind2="0"><marc:subfield code="a">P302</marc:subfield><marc:subfield code="b">.P5 1985</marc:subfield></marc:datafield><marc:datafield tag="082" ind1="0" ind2="0"><marc:subfield code="a">401/.41</marc:subfield><marc:subfield code="2">19</marc:subfield></marc:datafield><marc:datafield tag="100" ind1="1" ind2="0"><marc:subfield code="a">Phillips, Martin,</marc:subfield><marc:subfield code="d">1944-</marc:subfield></marc:datafield><marc:datafield tag="245" ind1="1" ind2="0"><marc:subfield code="a">Aspects of text structure :</marc:subfield><marc:subfield code="b">an investigation of the lexical organisation of text /</marc:subfield><marc:subfield code="c">Martin Phillips.</marc:subfield></marc:datafield><marc:datafield tag="260" ind1="0" ind2=" "><marc:subfield code="a">Amsterdam ;</marc:subfield><marc:subfield code="a">New York :</marc:subfield><marc:subfield code="b">North-Holland ;</marc:subfield><marc:subfield code="a">New York, N.Y., U.S.A. :</marc:subfield><marc:subfield code="b">Sole distributors for the U.S.A. and Canada, Elsevier Science Pub. Co.,</marc:subfield><marc:subfield code="c">1985.</marc:subfield></marc:datafield><marc:datafield tag="300" ind1=" " ind2=" "><marc:subfield code="a">p. cm.</marc:subfield></marc:datafield><marc:datafield tag="440" ind1=" " ind2="0"><marc:subfield code="a">North-Holland linguistic series ;</marc:subfield><marc:subfield code="v">52</marc:subfield></marc:datafield><marc:datafield tag="500" ind1=" " ind2=" "><marc:subfield code="a">Cataloging based on CIP information.</marc:subfield></marc:datafield><marc:datafield tag="500" ind1=" " ind2=" "><marc:subfield code="a">Based on the author's thesis (doctoral)--University of Birmingham.</marc:subfield></marc:datafield><marc:datafield tag="504" ind1=" " ind2=" "><marc:subfield code="a">Bibliography: p.</marc:subfield></marc:datafield><marc:datafield tag="500" ind1=" " ind2=" "><marc:subfield code="a">Includes indexes.</marc:subfield></marc:datafield><marc:datafield tag="650" ind1=" " ind2="0"><marc:subfield code="a">Discourse analysis.</marc:subfield></marc:datafield><marc:datafield tag="035" ind1=" " ind2=" "><marc:subfield code="a">(TxDaGIAL)37741100010525</marc:subfield></marc:datafield><marc:controlfield tag="005">20080624154528.0</marc:controlfield><marc:controlfield tag="001">732</marc:controlfield><marc:controlfield tag="003">TxDaGIAL</marc:controlfield><marc:datafield tag="852" ind1=" " ind2=" "><marc:subfield code="p">37741100010525</marc:subfield><marc:subfield code="a">Library</marc:subfield><marc:subfield code="x">COPYID:828</marc:subfield><marc:subfield code="x">FSC@aRegular@c19960401</marc:subfield><marc:subfield code="h">401.41 P562a 1985</marc:subfield><marc:subfield code="z">11942</marc:subfield></marc:datafield></marc:record>