
<marc:record><marc:leader>00905nam a2200253 a 4500</marc:leader>
<marc:controlfield tag="008">870810s1986    ja a     b    000 0 eng  </marc:controlfield>
<marc:datafield tag="010" ind1=" " ind2=" "><marc:subfield code="a">   87164069</marc:subfield></marc:datafield><marc:datafield tag="040" ind1=" " ind2=" "><marc:subfield code="a">DLC</marc:subfield><marc:subfield code="c">DLC</marc:subfield><marc:subfield code="d">DLC</marc:subfield></marc:datafield><marc:datafield tag="041" ind1="0" ind2=" "><marc:subfield code="a">engtib</marc:subfield></marc:datafield><marc:datafield tag="050" ind1="0" ind2="0"><marc:subfield code="a">PL3651.A61</marc:subfield><marc:subfield code="b">S96 1986</marc:subfield></marc:datafield><marc:datafield tag="082" ind1="0" ind2="0"><marc:subfield code="a">495/.47</marc:subfield><marc:subfield code="2">19</marc:subfield></marc:datafield><marc:datafield tag="100" ind1="1" ind2="0"><marc:subfield code="a">Sun, Jackson T.-S.</marc:subfield></marc:datafield><marc:datafield tag="245" ind1="1" ind2="0"><marc:subfield code="a">Aspects of the phonology of Amdo Tibetan :</marc:subfield><marc:subfield code="b">Ndzorge me X gc sra dialect /</marc:subfield><marc:subfield code="c">Jackson T.-S. Sun.</marc:subfield></marc:datafield><marc:datafield tag="260" ind1="0" ind2=" "><marc:subfield code="a">Tokyo, Japan :</marc:subfield><marc:subfield code="b">Institute for the Study of Languages and Cultures of Asia and Africa,</marc:subfield><marc:subfield code="c">1986.</marc:subfield></marc:datafield><marc:datafield tag="300" ind1=" " ind2=" "><marc:subfield code="a">vii, 267 p. :</marc:subfield><marc:subfield code="b">ill. ;</marc:subfield><marc:subfield code="c">26 cm.</marc:subfield></marc:datafield><marc:datafield tag="440" ind1=" " ind2="0"><marc:subfield code="a">Monumenta Serindica ;</marc:subfield><marc:subfield code="v">no. 16</marc:subfield></marc:datafield><marc:datafield tag="500" ind1=" " ind2=" "><marc:subfield code="a">English and Tibetan.</marc:subfield></marc:datafield><marc:datafield tag="504" ind1=" " ind2=" "><marc:subfield code="a">Bibliography: p. 260-267.</marc:subfield></marc:datafield><marc:datafield tag="650" ind1=" " ind2="0"><marc:subfield code="a">Amdo dialect</marc:subfield><marc:subfield code="x">Phonology.</marc:subfield></marc:datafield><marc:datafield tag="035" ind1=" " ind2=" "><marc:subfield code="a">(TxDaGIAL)37741100015350</marc:subfield></marc:datafield><marc:controlfield tag="005">20080624154529.0</marc:controlfield><marc:controlfield tag="001">733</marc:controlfield><marc:controlfield tag="003">TxDaGIAL</marc:controlfield><marc:datafield tag="852" ind1=" " ind2=" "><marc:subfield code="p">37741100015350</marc:subfield><marc:subfield code="a">Library</marc:subfield><marc:subfield code="x">COPYID:829</marc:subfield><marc:subfield code="x">FSC@aRegular@c19970224</marc:subfield><marc:subfield code="h">495.417 S957a 1986</marc:subfield><marc:subfield code="z">13105</marc:subfield></marc:datafield></marc:record>