
<marc:record><marc:leader>01556cam a2200337 a 4500</marc:leader>
<marc:controlfield tag="008">871015s1987    txu      b    00010 eng  </marc:controlfield>
<marc:datafield tag="010" ind1=" " ind2=" "><marc:subfield code="a">   87062946 //r90</marc:subfield></marc:datafield><marc:datafield tag="020" ind1=" " ind2=" "><marc:subfield code="a">0883120933</marc:subfield></marc:datafield><marc:datafield tag="040" ind1=" " ind2=" "><marc:subfield code="a">DLC</marc:subfield><marc:subfield code="c">DLC</marc:subfield><marc:subfield code="d">DLC</marc:subfield></marc:datafield><marc:datafield tag="043" ind1=" " ind2=" "><marc:subfield code="a">a-ph---</marc:subfield></marc:datafield><marc:datafield tag="050" ind1="0" ind2="0"><marc:subfield code="a">PL6035.Z9</marc:subfield><marc:subfield code="b">W474 1987</marc:subfield></marc:datafield><marc:datafield tag="082" ind1="0" ind2="0"><marc:subfield code="a">306.4/4/089992105997</marc:subfield><marc:subfield code="2">20</marc:subfield></marc:datafield><marc:datafield tag="100" ind1="1" ind2="0"><marc:subfield code="a">Hall, William Curtis.</marc:subfield></marc:datafield><marc:datafield tag="245" ind1="1" ind2="0"><marc:subfield code="a">Aspects of Western Subanon formal speech /</marc:subfield><marc:subfield code="c">William C. Hall.</marc:subfield></marc:datafield><marc:datafield tag="260" ind1="0" ind2=" "><marc:subfield code="a">Dallas, TX :</marc:subfield><marc:subfield code="b">Summer Institute of Linguistics ;</marc:subfield><marc:subfield code="a">[Arlington] :</marc:subfield><marc:subfield code="b">University of Texas at Arlington,</marc:subfield><marc:subfield code="c">1987.</marc:subfield></marc:datafield><marc:datafield tag="300" ind1=" " ind2=" "><marc:subfield code="a">xii, 191 p. ;</marc:subfield><marc:subfield code="c">23 cm.</marc:subfield></marc:datafield><marc:datafield tag="440" ind1=" " ind2="0"><marc:subfield code="a">Summer Institute of Linguistics publications in linguistics ;</marc:subfield><marc:subfield code="v">publication no. 81</marc:subfield></marc:datafield><marc:datafield tag="500" ind1=" " ind2=" "><marc:subfield code="a">Originally presented as the author's thesis (University of Pennsylvania, 1983) under title: Some aspects of formal speech among the Western Subanon of Mindanao.</marc:subfield></marc:datafield><marc:datafield tag="504" ind1=" " ind2=" "><marc:subfield code="a">Bibliography: p. 187-191.</marc:subfield></marc:datafield><marc:datafield tag="650" ind1=" " ind2="0"><marc:subfield code="a">Western Subanon dialect</marc:subfield><marc:subfield code="x">Social aspects.</marc:subfield></marc:datafield><marc:datafield tag="650" ind1=" " ind2="0"><marc:subfield code="a">Western Subanon dialect</marc:subfield><marc:subfield code="x">Semantics.</marc:subfield></marc:datafield><marc:datafield tag="650" ind1=" " ind2="0"><marc:subfield code="a">Speech</marc:subfield><marc:subfield code="v">Terminology.</marc:subfield></marc:datafield><marc:datafield tag="650" ind1=" " ind2="0"><marc:subfield code="a">Speech and social status</marc:subfield><marc:subfield code="z">Philippines</marc:subfield><marc:subfield code="z">Mindanao.</marc:subfield></marc:datafield><marc:datafield tag="650" ind1=" " ind2="0"><marc:subfield code="a">Speech acts (Linguistics)</marc:subfield></marc:datafield><marc:datafield tag="035" ind1=" " ind2=" "><marc:subfield code="a">(TxDaGIAL)37741100011164</marc:subfield></marc:datafield><marc:controlfield tag="005">20080624154529.0</marc:controlfield><marc:controlfield tag="001">735</marc:controlfield><marc:controlfield tag="003">TxDaGIAL</marc:controlfield><marc:datafield tag="852" ind1=" " ind2=" "><marc:subfield code="p">37741100011164</marc:subfield><marc:subfield code="a">Library</marc:subfield><marc:subfield code="9">$16.00</marc:subfield><marc:subfield code="x">COPYID:831</marc:subfield><marc:subfield code="x">FSC@aRegular@c19960426</marc:subfield><marc:subfield code="h">499.2176 H181a 1987</marc:subfield><marc:subfield code="z">7-88</marc:subfield></marc:datafield><marc:datafield tag="852" ind1=" " ind2=" "><marc:subfield code="p">37741100011165</marc:subfield><marc:subfield code="a">Library</marc:subfield><marc:subfield code="9">$16.00</marc:subfield><marc:subfield code="x">COPYID:832</marc:subfield><marc:subfield code="x">FSC@aRegular@c19960426</marc:subfield><marc:subfield code="h">499.2176 H181a 1987</marc:subfield><marc:subfield code="z">7-88</marc:subfield></marc:datafield><marc:datafield tag="852" ind1=" " ind2=" "><marc:subfield code="p">37741100011166</marc:subfield><marc:subfield code="a">Library</marc:subfield><marc:subfield code="9">$16.00</marc:subfield><marc:subfield code="x">COPYID:833</marc:subfield><marc:subfield code="x">FSC@aRegular@c19960426</marc:subfield><marc:subfield code="h">499.2176 H181a 1987</marc:subfield><marc:subfield code="z">7-88</marc:subfield></marc:datafield></marc:record>