
<marc:record><marc:leader>00919pam a2200241 i 4500</marc:leader>
<marc:controlfield tag="008">760714s1976    dcu      b    00100 eng  </marc:controlfield>
<marc:datafield tag="010" ind1=" " ind2=" "><marc:subfield code="a">   76025529</marc:subfield></marc:datafield><marc:datafield tag="020" ind1=" " ind2=" "><marc:subfield code="a">0470989165</marc:subfield></marc:datafield><marc:datafield tag="040" ind1=" " ind2=" "><marc:subfield code="a">DLC</marc:subfield><marc:subfield code="c">DLC</marc:subfield></marc:datafield><marc:datafield tag="050" ind1="0" ind2=" "><marc:subfield code="a">P126</marc:subfield><marc:subfield code="b">.A8</marc:subfield></marc:datafield><marc:datafield tag="082" ind1=" " ind2=" "><marc:subfield code="a">410</marc:subfield></marc:datafield><marc:datafield tag="245" ind1="0" ind2="0"><marc:subfield code="a">Assessing linguistic arguments /</marc:subfield><marc:subfield code="c">edited by Jessica R. Wirth.</marc:subfield></marc:datafield><marc:datafield tag="260" ind1="0" ind2=" "><marc:subfield code="a">Washington :</marc:subfield><marc:subfield code="b">Hemisphere Pub. Corp. ;</marc:subfield><marc:subfield code="a">New York :</marc:subfield><marc:subfield code="b">distributed solely by Halsted Press,</marc:subfield><marc:subfield code="c">c1976.</marc:subfield></marc:datafield><marc:datafield tag="300" ind1=" " ind2=" "><marc:subfield code="a">viii, 280 p. ;</marc:subfield><marc:subfield code="c">24 cm.</marc:subfield></marc:datafield><marc:datafield tag="500" ind1=" " ind2=" "><marc:subfield code="a">Papers from the 4th annual linguistic foundations symposium held at the University of Wisconsin-Milwaukee, May 9-10, 1975.</marc:subfield></marc:datafield><marc:datafield tag="504" ind1=" " ind2=" "><marc:subfield code="a">Includes bibliographies and indexes.</marc:subfield></marc:datafield><marc:datafield tag="650" ind1=" " ind2="0"><marc:subfield code="a">Linguistics</marc:subfield><marc:subfield code="x">Methodology</marc:subfield><marc:subfield code="v">Congresses.</marc:subfield></marc:datafield><marc:datafield tag="700" ind1="1" ind2="0"><marc:subfield code="a">Wirth, Jessica R.</marc:subfield></marc:datafield><marc:datafield tag="035" ind1=" " ind2=" "><marc:subfield code="a">(TxDaGIAL)37741100004597</marc:subfield></marc:datafield><marc:controlfield tag="005">20080624154530.0</marc:controlfield><marc:controlfield tag="001">737</marc:controlfield><marc:controlfield tag="003">TxDaGIAL</marc:controlfield><marc:datafield tag="852" ind1=" " ind2=" "><marc:subfield code="p">37741100004597</marc:subfield><marc:subfield code="a">Library</marc:subfield><marc:subfield code="x">COPYID:835</marc:subfield><marc:subfield code="x">FSC@aRegular@c19950601</marc:subfield><marc:subfield code="h">410 A846w 1976</marc:subfield><marc:subfield code="z">5201</marc:subfield></marc:datafield></marc:record>