
<marc:record><marc:leader>00724cam a22001937i 4500</marc:leader>
<marc:controlfield tag="008">790319s1973||||pp |||| ||||||0|||||eng| </marc:controlfield>
<marc:datafield tag="010" ind1=" " ind2=" "><marc:subfield code="a">   79104582 //r87</marc:subfield></marc:datafield><marc:datafield tag="040" ind1=" " ind2=" "><marc:subfield code="a">DLC</marc:subfield><marc:subfield code="c">DLC</marc:subfield><marc:subfield code="d">TxDaGIAL</marc:subfield></marc:datafield><marc:datafield tag="050" ind1="0" ind2=" "><marc:subfield code="a">MLCM 83/6053 (L)</marc:subfield></marc:datafield><marc:datafield tag="100" ind1="1" ind2="0"><marc:subfield code="a">Jones, John.</marc:subfield></marc:datafield><marc:datafield tag="245" ind1="1" ind2="0"><marc:subfield code="a">Assessing what? :</marc:subfield><marc:subfield code="b">a study of multiple choice and written responses, with high school students in Papua, New Guinea /</marc:subfield><marc:subfield code="c">John Jones.</marc:subfield></marc:datafield><marc:datafield tag="260" ind1=" " ind2=" "><marc:subfield code="a">Papua New Guinea :</marc:subfield><marc:subfield code="b">University Printing,</marc:subfield><marc:subfield code="c">1973</marc:subfield><marc:subfield code="g">(1975 printing)</marc:subfield></marc:datafield><marc:datafield tag="300" ind1=" " ind2=" "><marc:subfield code="a">29 p. ;</marc:subfield><marc:subfield code="c">26 cm.</marc:subfield></marc:datafield><marc:datafield tag="440" ind1=" " ind2="0"><marc:subfield code="a">E.R.U. research report ;</marc:subfield><marc:subfield code="v">no. 5</marc:subfield></marc:datafield><marc:datafield tag="035" ind1=" " ind2=" "><marc:subfield code="a">(TxDaGIAL)37741100008149</marc:subfield></marc:datafield><marc:controlfield tag="005">20080624154530.0</marc:controlfield><marc:controlfield tag="001">739</marc:controlfield><marc:controlfield tag="003">TxDaGIAL</marc:controlfield><marc:datafield tag="852" ind1=" " ind2=" "><marc:subfield code="p">37741100008149</marc:subfield><marc:subfield code="a">Library</marc:subfield><marc:subfield code="x">COPYID:837</marc:subfield><marc:subfield code="x">FSC@aRegular@c19950915</marc:subfield><marc:subfield code="h">370.9953 E73 no.5 1973</marc:subfield></marc:datafield></marc:record>