
<marc:record><marc:leader>00939nam a2200265 a 4500</marc:leader>
<marc:controlfield tag="008">911016s1987    ke       b    000 0 eng  </marc:controlfield>
<marc:datafield tag="010" ind1=" " ind2=" "><marc:subfield code="a">   90981657</marc:subfield></marc:datafield><marc:datafield tag="040" ind1=" " ind2=" "><marc:subfield code="a">DLC</marc:subfield><marc:subfield code="c">DLC</marc:subfield></marc:datafield><marc:datafield tag="043" ind1=" " ind2=" "><marc:subfield code="a">f-ke---</marc:subfield></marc:datafield><marc:datafield tag="050" ind1="0" ind2="0"><marc:subfield code="a">PL8629</marc:subfield><marc:subfield code="b">.D42 1987</marc:subfield></marc:datafield><marc:datafield tag="100" ind1="1" ind2="0"><marc:subfield code="a">De Groot, Martien.</marc:subfield></marc:datafield><marc:datafield tag="245" ind1="1" ind2="0"><marc:subfield code="a">Assessment of Bible translation and literacy needs of the Samburu language group /</marc:subfield><marc:subfield code="c">Martien de Groot.</marc:subfield></marc:datafield><marc:datafield tag="260" ind1="0" ind2=" "><marc:subfield code="a">Nairobi :</marc:subfield><marc:subfield code="b">Bible Translation and Literacy (EA),</marc:subfield><marc:subfield code="c">[1987]</marc:subfield></marc:datafield><marc:datafield tag="300" ind1=" " ind2=" "><marc:subfield code="a">63 leaves :</marc:subfield><marc:subfield code="b">map ;</marc:subfield><marc:subfield code="c">30 cm.</marc:subfield></marc:datafield><marc:datafield tag="500" ind1=" " ind2=" "><marc:subfield code="a">&quot;September 1987.&quot;</marc:subfield></marc:datafield><marc:datafield tag="504" ind1=" " ind2=" "><marc:subfield code="a">Includes bibliographical references (leaf 57).</marc:subfield></marc:datafield><marc:datafield tag="650" ind1=" " ind2="0"><marc:subfield code="a">Samburu language</marc:subfield><marc:subfield code="x">Social aspects.</marc:subfield></marc:datafield><marc:datafield tag="650" ind1=" " ind2="0"><marc:subfield code="a">Language surveys</marc:subfield><marc:subfield code="z">Kenya.</marc:subfield></marc:datafield><marc:datafield tag="650" ind1=" " ind2="0"><marc:subfield code="a">Literacy</marc:subfield><marc:subfield code="z">Kenya.</marc:subfield></marc:datafield><marc:datafield tag="650" ind1=" " ind2="0"><marc:subfield code="a">Masai language</marc:subfield><marc:subfield code="x">Social aspects.</marc:subfield></marc:datafield><marc:datafield tag="035" ind1=" " ind2=" "><marc:subfield code="a">(TxDaGIAL)37741100003670</marc:subfield></marc:datafield><marc:controlfield tag="005">20080624154530.0</marc:controlfield><marc:controlfield tag="001">740</marc:controlfield><marc:controlfield tag="003">TxDaGIAL</marc:controlfield><marc:datafield tag="852" ind1=" " ind2=" "><marc:subfield code="p">37741100003670</marc:subfield><marc:subfield code="a">Library</marc:subfield><marc:subfield code="x">COPYID:838</marc:subfield><marc:subfield code="x">FSC@aRegular@c19950420</marc:subfield><marc:subfield code="h">306.44089 D321a 1987</marc:subfield><marc:subfield code="z">13843</marc:subfield></marc:datafield></marc:record>