
<marc:record><marc:leader>01195nam a2200289 a 4500</marc:leader>
<marc:controlfield tag="008">861124s1986    at a     b   s000 0 eng d</marc:controlfield>
<marc:datafield tag="020" ind1=" " ind2=" "><marc:subfield code="a">0724376895</marc:subfield></marc:datafield><marc:datafield tag="035" ind1=" " ind2=" "><marc:subfield code="a">G81481</marc:subfield></marc:datafield><marc:datafield tag="040" ind1=" " ind2=" "><marc:subfield code="d">VERC</marc:subfield></marc:datafield><marc:datafield tag="082" ind1="0" ind2=" "><marc:subfield code="a">428.3/4</marc:subfield><marc:subfield code="2">19</marc:subfield></marc:datafield><marc:datafield tag="100" ind1="1" ind2=" "><marc:subfield code="a">Brindley, G. P.</marc:subfield><marc:subfield code="q">(Geoff P.)</marc:subfield></marc:datafield><marc:datafield tag="245" ind1="1" ind2="4"><marc:subfield code="a">The assessment of second language proficiency :</marc:subfield><marc:subfield code="b">issues and approaches /</marc:subfield><marc:subfield code="c">Geoff Brindley.</marc:subfield></marc:datafield><marc:datafield tag="250" ind1=" " ind2=" "><marc:subfield code="a">1st ed.</marc:subfield></marc:datafield><marc:datafield tag="260" ind1=" " ind2=" "><marc:subfield code="a">Adelaide :</marc:subfield><marc:subfield code="b">National Curriculum Resource Centre [for the] Adult Migrant Education Program Australia,</marc:subfield><marc:subfield code="c">1986.</marc:subfield></marc:datafield><marc:datafield tag="300" ind1=" " ind2=" "><marc:subfield code="a">ii, 83 p. :</marc:subfield><marc:subfield code="b">ill. ;</marc:subfield><marc:subfield code="c">21 cm.</marc:subfield></marc:datafield><marc:datafield tag="490" ind1="1" ind2=" "><marc:subfield code="a">Research series / National Curriculum Resource Centre, Adult Migrant Research Program Australia,</marc:subfield><marc:subfield code="x">ISSN 0817-945X.</marc:subfield></marc:datafield><marc:datafield tag="504" ind1=" " ind2=" "><marc:subfield code="a">Bibliography: p. 73-83.</marc:subfield></marc:datafield><marc:datafield tag="650" ind1=" " ind2="0"><marc:subfield code="a">English language</marc:subfield><marc:subfield code="x">Study and teaching</marc:subfield><marc:subfield code="x">Foreign speakers.</marc:subfield></marc:datafield><marc:datafield tag="650" ind1=" " ind2="0"><marc:subfield code="a">English language</marc:subfield><marc:subfield code="x">Ability testing.</marc:subfield></marc:datafield><marc:datafield tag="710" ind1="2" ind2=" "><marc:subfield code="a">National Curriculum Resource Centre (Australia)</marc:subfield></marc:datafield><marc:datafield tag="710" ind1="2" ind2=" "><marc:subfield code="a">Adult Migrant Education Program (Australia)</marc:subfield></marc:datafield><marc:datafield tag="830" ind1=" " ind2="0"><marc:subfield code="a">NCRC research series.</marc:subfield></marc:datafield><marc:datafield tag="035" ind1=" " ind2=" "><marc:subfield code="a">(TxDaGIAL)37741100020824</marc:subfield></marc:datafield><marc:controlfield tag="005">20080624154531.0</marc:controlfield><marc:controlfield tag="001">741</marc:controlfield><marc:controlfield tag="003">TxDaGIAL</marc:controlfield><marc:datafield tag="852" ind1=" " ind2=" "><marc:subfield code="p">37741100020824</marc:subfield><marc:subfield code="a">Library</marc:subfield><marc:subfield code="9">$14.45</marc:subfield><marc:subfield code="x">COPYID:839</marc:subfield><marc:subfield code="x">FSC@aRegular@c19971010</marc:subfield><marc:subfield code="h">407.6 B858a 1986</marc:subfield><marc:subfield code="z">d.o. 8-90</marc:subfield></marc:datafield></marc:record>