
<marc:record><marc:leader>01065cam a2200277 a 4500</marc:leader>
<marc:controlfield tag="008">860814s1981    txu      b    001 0 eng  </marc:controlfield>
<marc:datafield tag="040" ind1=" " ind2=" "><marc:subfield code="a">TxDaGIAL</marc:subfield><marc:subfield code="c">TxDaGIAL</marc:subfield></marc:datafield><marc:datafield tag="041" ind1="0" ind2=" "><marc:subfield code="a">engsan</marc:subfield></marc:datafield><marc:datafield tag="050" ind1="0" ind2="4"><marc:subfield code="a">PK517</marc:subfield><marc:subfield code="b">.K38 1981</marc:subfield></marc:datafield><marc:datafield tag="082" ind1="0" ind2="0"><marc:subfield code="a">491/.25</marc:subfield><marc:subfield code="2">19</marc:subfield></marc:datafield><marc:datafield tag="100" ind1="0" ind2="0"><marc:subfield code="a">Pini.</marc:subfield></marc:datafield><marc:datafield tag="240" ind1="1" ind2="0"><marc:subfield code="a">Adhyy</marc:subfield></marc:datafield><marc:datafield tag="245" ind1="1" ind2="0"><marc:subfield code="a">Adhyy of Pini /</marc:subfield><marc:subfield code="c">in Roman transliteration and Sanskrit commentary by Sumitra Mangesh  Katre.</marc:subfield></marc:datafield><marc:datafield tag="250" ind1=" " ind2=" "><marc:subfield code="a">mimeo ed.</marc:subfield></marc:datafield><marc:datafield tag="260" ind1="0" ind2=" "><marc:subfield code="c">1981.</marc:subfield></marc:datafield><marc:datafield tag="300" ind1=" " ind2=" "><marc:subfield code="a">1087 p. in 2 v. ;</marc:subfield><marc:subfield code="c">28 cm.</marc:subfield></marc:datafield><marc:datafield tag="500" ind1=" " ind2=" "><marc:subfield code="a">Text in transliterated Sanskrit with grammatical explanations, etc. in English.</marc:subfield></marc:datafield><marc:datafield tag="500" ind1=" " ind2=" "><marc:subfield code="a">Published in Texas Linguistic Series, by University of Texas Press, 1987.</marc:subfield></marc:datafield><marc:datafield tag="650" ind1=" " ind2="0"><marc:subfield code="a">Sanskrit language</marc:subfield><marc:subfield code="x">Grammar.</marc:subfield></marc:datafield><marc:datafield tag="700" ind1="1" ind2="0"><marc:subfield code="a">Katre, Sumitra Mangesh,</marc:subfield><marc:subfield code="d">1906-</marc:subfield></marc:datafield><marc:datafield tag="035" ind1=" " ind2=" "><marc:subfield code="a">(TxDaGIAL)37741100018522</marc:subfield></marc:datafield><marc:controlfield tag="005">20080624154531.0</marc:controlfield><marc:controlfield tag="001">742</marc:controlfield><marc:controlfield tag="003">TxDaGIAL</marc:controlfield><marc:datafield tag="852" ind1=" " ind2=" "><marc:subfield code="p">37741100018522</marc:subfield><marc:subfield code="a">Library</marc:subfield><marc:subfield code="x">COPYID:840</marc:subfield><marc:subfield code="x">FSC@aRegular@c19970619</marc:subfield><marc:subfield code="h">491.25 P192a 1 1981</marc:subfield><marc:subfield code="z">8134</marc:subfield></marc:datafield><marc:datafield tag="852" ind1=" " ind2=" "><marc:subfield code="p">37741100018521</marc:subfield><marc:subfield code="a">Library</marc:subfield><marc:subfield code="x">COPYID:841</marc:subfield><marc:subfield code="x">FSC@aRegular@c19970619</marc:subfield><marc:subfield code="h">491.25 P192a 2 1981</marc:subfield><marc:subfield code="z">8135</marc:subfield></marc:datafield></marc:record>