
<marc:record><marc:leader>00960pam a2200253 a 4500</marc:leader>
<marc:controlfield tag="008">940310s1993    nyu           000 0 eng  </marc:controlfield>
<marc:datafield tag="010" ind1=" " ind2=" "><marc:subfield code="a">   93000916</marc:subfield></marc:datafield><marc:datafield tag="020" ind1=" " ind2=" "><marc:subfield code="a">0385471807 :</marc:subfield><marc:subfield code="c">$22.00</marc:subfield></marc:datafield><marc:datafield tag="040" ind1=" " ind2=" "><marc:subfield code="a">DLC</marc:subfield><marc:subfield code="c">DLC</marc:subfield><marc:subfield code="d">DLC</marc:subfield></marc:datafield><marc:datafield tag="041" ind1="1" ind2=" "><marc:subfield code="a">eng</marc:subfield><marc:subfield code="h">heb</marc:subfield></marc:datafield><marc:datafield tag="050" ind1="0" ind2="0"><marc:subfield code="a">BS1233</marc:subfield><marc:subfield code="b">.K67 1993</marc:subfield></marc:datafield><marc:datafield tag="082" ind1="0" ind2="0"><marc:subfield code="a">222/.1105209</marc:subfield><marc:subfield code="2">20</marc:subfield></marc:datafield><marc:datafield tag="130" ind1="0" ind2=" "><marc:subfield code="a">Bible.</marc:subfield><marc:subfield code="p">O.T.</marc:subfield><marc:subfield code="p">Genesis.</marc:subfield><marc:subfield code="l">English.</marc:subfield><marc:subfield code="s">Korsak.</marc:subfield><marc:subfield code="f">1993.</marc:subfield></marc:datafield><marc:datafield tag="245" ind1="1" ind2="0"><marc:subfield code="a">At the start :</marc:subfield><marc:subfield code="b">Genesis made new : a translation of the Hebrew text /</marc:subfield><marc:subfield code="c">by Mary Phil Korsak ; foreword by David Moody.</marc:subfield></marc:datafield><marc:datafield tag="250" ind1=" " ind2=" "><marc:subfield code="a">1st ed.</marc:subfield></marc:datafield><marc:datafield tag="260" ind1=" " ind2=" "><marc:subfield code="a">New York :</marc:subfield><marc:subfield code="b">Doubleday,</marc:subfield><marc:subfield code="c">1993.</marc:subfield></marc:datafield><marc:datafield tag="300" ind1=" " ind2=" "><marc:subfield code="a">xiii, 237 p. ;</marc:subfield><marc:subfield code="c">22 cm.</marc:subfield></marc:datafield><marc:datafield tag="500" ind1=" " ind2=" "><marc:subfield code="a">&quot;Originally published in Belgium in 1992 by the European Association for the Promotion of Poetry&quot;--T.p. verso.</marc:subfield></marc:datafield><marc:datafield tag="700" ind1="1" ind2="0"><marc:subfield code="a">Korsak, Mary Phil.</marc:subfield></marc:datafield><marc:datafield tag="035" ind1=" " ind2=" "><marc:subfield code="a">(TxDaGIAL)37741100004632</marc:subfield></marc:datafield><marc:controlfield tag="005">20080624154531.0</marc:controlfield><marc:controlfield tag="001">743</marc:controlfield><marc:controlfield tag="003">TxDaGIAL</marc:controlfield><marc:datafield tag="852" ind1=" " ind2=" "><marc:subfield code="p">37741100004632</marc:subfield><marc:subfield code="a">Library</marc:subfield><marc:subfield code="9">$19.14</marc:subfield><marc:subfield code="x">COPYID:842</marc:subfield><marc:subfield code="x">FSC@aRegular@c19950602</marc:subfield><marc:subfield code="h">222.1105209 K84a 1992</marc:subfield><marc:subfield code="z">B/T 5-95</marc:subfield></marc:datafield></marc:record>