
<marc:record><marc:leader>00663nam a2200217 i 4500</marc:leader>
<marc:controlfield tag="008">750325?1971????enk           00010 eng u</marc:controlfield>
<marc:datafield tag="040" ind1=" " ind2=" "><marc:subfield code="d">TxDaGIAL</marc:subfield></marc:datafield><marc:datafield tag="043" ind1=" " ind2=" "><marc:subfield code="a">a-vs---</marc:subfield><marc:subfield code="a">n-us---</marc:subfield></marc:datafield><marc:datafield tag="082" ind1=" " ind2=" "><marc:subfield code="a">959.7/04</marc:subfield></marc:datafield><marc:datafield tag="100" ind1="1" ind2="0"><marc:subfield code="a">Chomsky, Noam.</marc:subfield></marc:datafield><marc:datafield tag="245" ind1="1" ind2="0"><marc:subfield code="a">At war with Asia.</marc:subfield></marc:datafield><marc:datafield tag="250" ind1=" " ind2=" "><marc:subfield code="a">Fontana ed.</marc:subfield></marc:datafield><marc:datafield tag="260" ind1="0" ind2=" "><marc:subfield code="a">London :</marc:subfield><marc:subfield code="b">Fontana/Collins,</marc:subfield><marc:subfield code="c">1971.</marc:subfield></marc:datafield><marc:datafield tag="300" ind1=" " ind2=" "><marc:subfield code="a">282 p. ;</marc:subfield><marc:subfield code="c">18 cm.</marc:subfield></marc:datafield><marc:datafield tag="504" ind1=" " ind2=" "><marc:subfield code="a">Includes bibliographical references.</marc:subfield></marc:datafield><marc:datafield tag="650" ind1=" " ind2="0"><marc:subfield code="a">Vietnamese Conflict, 1961-1975</marc:subfield><marc:subfield code="z">United States.</marc:subfield></marc:datafield><marc:datafield tag="035" ind1=" " ind2=" "><marc:subfield code="a">(TxDaGIAL)37741100019063</marc:subfield></marc:datafield><marc:controlfield tag="005">20080624154531.0</marc:controlfield><marc:controlfield tag="001">744</marc:controlfield><marc:controlfield tag="003">TxDaGIAL</marc:controlfield><marc:datafield tag="852" ind1=" " ind2=" "><marc:subfield code="p">37741100019063</marc:subfield><marc:subfield code="a">Library</marc:subfield><marc:subfield code="x">COPYID:843</marc:subfield><marc:subfield code="x">FSC@aRegular@c19970716</marc:subfield><marc:subfield code="h">959.704 C548 1971</marc:subfield><marc:subfield code="z">13655</marc:subfield></marc:datafield></marc:record>