
<marc:record><marc:leader>00862nam a22002051  4500</marc:leader>
<marc:controlfield tag="008">810623s1987    bl            000 0 por d</marc:controlfield>
<marc:datafield tag="040" ind1=" " ind2=" "><marc:subfield code="a">TxDaGIAL</marc:subfield><marc:subfield code="c">TxDaGIAL</marc:subfield></marc:datafield><marc:datafield tag="110" ind1="2" ind2="0"><marc:subfield code="a">Asociacin de Lingstica y Filologa de Amrica Latina.</marc:subfield></marc:datafield><marc:datafield tag="245" ind1="1" ind2="0"><marc:subfield code="a">Atas do II Congresso Internacional da Associaao de Lingistica e Filologia da America Latina (ALFAL), So Paulo (Brasil), janeiro  de 1969.</marc:subfield></marc:datafield><marc:datafield tag="260" ind1="0" ind2=" "><marc:subfield code="a">Sao Paulo :</marc:subfield><marc:subfield code="b">Universidade de Sao Paulo,</marc:subfield><marc:subfield code="c">1987.</marc:subfield></marc:datafield><marc:datafield tag="300" ind1=" " ind2=" "><marc:subfield code="a">388 p. :</marc:subfield><marc:subfield code="b">ill. ;</marc:subfield><marc:subfield code="c">23 cm.</marc:subfield></marc:datafield><marc:datafield tag="504" ind1=" " ind2=" "><marc:subfield code="a">Includes bibliographical references.</marc:subfield></marc:datafield><marc:datafield tag="650" ind1=" " ind2="0"><marc:subfield code="a">Linguistics</marc:subfield><marc:subfield code="v">Congresses.</marc:subfield></marc:datafield><marc:datafield tag="650" ind1=" " ind2="0"><marc:subfield code="a">Latin American literature</marc:subfield><marc:subfield code="v">Congresses.</marc:subfield></marc:datafield><marc:datafield tag="651" ind1=" " ind2="0"><marc:subfield code="a">Latin America</marc:subfield><marc:subfield code="x">Languages</marc:subfield><marc:subfield code="v">Congresses.</marc:subfield></marc:datafield><marc:datafield tag="035" ind1=" " ind2=" "><marc:subfield code="a">(TxDaGIAL)37741100020792</marc:subfield></marc:datafield><marc:controlfield tag="005">20080624154531.0</marc:controlfield><marc:controlfield tag="001">745</marc:controlfield><marc:controlfield tag="003">TxDaGIAL</marc:controlfield><marc:datafield tag="852" ind1=" " ind2=" "><marc:subfield code="p">37741100020792</marc:subfield><marc:subfield code="a">Library</marc:subfield><marc:subfield code="x">COPYID:844</marc:subfield><marc:subfield code="x">FSC@aRegular@c19971003</marc:subfield><marc:subfield code="h">409.8 A849 02 1987</marc:subfield></marc:datafield></marc:record>