
<marc:record><marc:leader>01198cam a2200289 a 4500</marc:leader>
<marc:controlfield tag="008">850613s1983    io            00000 eng  </marc:controlfield>
<marc:datafield tag="010" ind1=" " ind2=" "><marc:subfield code="a">   85940600 /SA</marc:subfield></marc:datafield><marc:datafield tag="041" ind1="0" ind2=" "><marc:subfield code="a">engindmap</marc:subfield></marc:datafield><marc:datafield tag="050" ind1="0" ind2=" "><marc:subfield code="a">PL6621.T33</marc:subfield><marc:subfield code="b">A84 1983</marc:subfield></marc:datafield><marc:datafield tag="082" ind1="0" ind2=" "><marc:subfield code="a">499/.12</marc:subfield><marc:subfield code="2">19</marc:subfield></marc:datafield><marc:datafield tag="245" ind1="0" ind2="0"><marc:subfield code="a">Ate dite date Tabla pe pere =</marc:subfield><marc:subfield code="b">Percakapan-percakapan dalam bahasa Tabla = Tabla conversations /</marc:subfield><marc:subfield code="c">Abisay ... [et al.].</marc:subfield></marc:datafield><marc:datafield tag="260" ind1="0" ind2=" "><marc:subfield code="a">[Jayapura?] :</marc:subfield><marc:subfield code="b">Summer Institute of Linguistics in cooperation with Universitas Cenderawasih,</marc:subfield><marc:subfield code="c">[1983]</marc:subfield></marc:datafield><marc:datafield tag="300" ind1=" " ind2=" "><marc:subfield code="a">xi, 56 p. ;</marc:subfield><marc:subfield code="c">20 x 26 cm.</marc:subfield></marc:datafield><marc:datafield tag="440" ind1=" " ind2="0"><marc:subfield code="a">Publikasi khusus bahasa-bahasa daerah.</marc:subfield><marc:subfield code="n">Seri A. ;</marc:subfield><marc:subfield code="v">5</marc:subfield></marc:datafield><marc:datafield tag="500" ind1=" " ind2=" "><marc:subfield code="a">English, Indonesian, and Tanahmerah.</marc:subfield></marc:datafield><marc:datafield tag="500" ind1=" " ind2=" "><marc:subfield code="a">&quot;Proyek kerjasama UNCEN-SIL.&quot;</marc:subfield></marc:datafield><marc:datafield tag="650" ind1=" " ind2="0"><marc:subfield code="a">Tanahmerah language (Northeast Irian Jaya)</marc:subfield><marc:subfield code="v">Conversation and phrase books.</marc:subfield></marc:datafield><marc:datafield tag="700" ind1="0" ind2="0"><marc:subfield code="a">Abisay.</marc:subfield></marc:datafield><marc:datafield tag="710" ind1="2" ind2="0"><marc:subfield code="a">Universitas Cenderawasih.</marc:subfield></marc:datafield><marc:datafield tag="710" ind1="2" ind2="0"><marc:subfield code="a">Summer Institute of Linguistics.</marc:subfield></marc:datafield><marc:datafield tag="740" ind1="0" ind2="1"><marc:subfield code="a">Percakapan-percakapan dalam bahasa Tabla.</marc:subfield></marc:datafield><marc:datafield tag="740" ind1="0" ind2="1"><marc:subfield code="a">Tabla conversations.</marc:subfield></marc:datafield><marc:datafield tag="035" ind1=" " ind2=" "><marc:subfield code="a">(TxDaGIAL)37741100000771</marc:subfield></marc:datafield><marc:controlfield tag="005">20080624154532.0</marc:controlfield><marc:controlfield tag="001">746</marc:controlfield><marc:controlfield tag="003">TxDaGIAL</marc:controlfield><marc:datafield tag="852" ind1=" " ind2=" "><marc:subfield code="p">37741100000771</marc:subfield><marc:subfield code="a">Library</marc:subfield><marc:subfield code="9">$0.00</marc:subfield><marc:subfield code="x">COPYID:845</marc:subfield><marc:subfield code="x">FSC@aRegular@c19950131</marc:subfield><marc:subfield code="h">499.12 A149a 1983</marc:subfield><marc:subfield code="z">gift ling. coord. 1994</marc:subfield></marc:datafield></marc:record>