
<marc:record><marc:leader>00991nam a2200277 a 4500</marc:leader>
<marc:controlfield tag="008">740424s1974    ilua     b    00110 eng d</marc:controlfield>
<marc:datafield tag="010" ind1=" " ind2=" "><marc:subfield code="z">   73089518</marc:subfield></marc:datafield><marc:datafield tag="020" ind1=" " ind2=" "><marc:subfield code="z">0202011135</marc:subfield></marc:datafield><marc:datafield tag="020" ind1=" " ind2=" "><marc:subfield code="a">0882956116 (pbk.) :</marc:subfield><marc:subfield code="c">$7.50</marc:subfield><marc:subfield code="z">0202011143 (pbk.)</marc:subfield></marc:datafield><marc:datafield tag="040" ind1=" " ind2=" "><marc:subfield code="a">TxDaGIAL</marc:subfield><marc:subfield code="c">TxDaGIAL</marc:subfield></marc:datafield><marc:datafield tag="043" ind1=" " ind2=" "><marc:subfield code="a">n-cn---</marc:subfield><marc:subfield code="a">n-us-ak</marc:subfield></marc:datafield><marc:datafield tag="050" ind1="0" ind2=" "><marc:subfield code="a">E99.A86</marc:subfield><marc:subfield code="b">V36 1974</marc:subfield></marc:datafield><marc:datafield tag="082" ind1=" " ind2=" "><marc:subfield code="a">970.3</marc:subfield></marc:datafield><marc:datafield tag="100" ind1="1" ind2="0"><marc:subfield code="a">VanStone, James W.</marc:subfield></marc:datafield><marc:datafield tag="245" ind1="1" ind2="0"><marc:subfield code="a">Athapaskan adaptations :</marc:subfield><marc:subfield code="b">hunters and fishermen of the subarctic forests /</marc:subfield><marc:subfield code="c">James W. VanStone.</marc:subfield></marc:datafield><marc:datafield tag="260" ind1="0" ind2=" "><marc:subfield code="a">Arlington Heights, Ill. :</marc:subfield><marc:subfield code="b">AHM Pub. Corp.,</marc:subfield><marc:subfield code="c">c1974.</marc:subfield></marc:datafield><marc:datafield tag="300" ind1=" " ind2=" "><marc:subfield code="a">x, 145 p., 18 pages of plates :</marc:subfield><marc:subfield code="b">ill., maps, ports. ;</marc:subfield><marc:subfield code="c">22 cm.</marc:subfield></marc:datafield><marc:datafield tag="490" ind1="0" ind2=" "><marc:subfield code="a">Worlds of man: studies in cultural ecology</marc:subfield></marc:datafield><marc:datafield tag="504" ind1=" " ind2=" "><marc:subfield code="a">Bibliography: p. 135-140.</marc:subfield></marc:datafield><marc:datafield tag="500" ind1=" " ind2=" "><marc:subfield code="a">Includes index.</marc:subfield></marc:datafield><marc:datafield tag="650" ind1=" " ind2="0"><marc:subfield code="a">Athapascan Indians.</marc:subfield></marc:datafield><marc:datafield tag="035" ind1=" " ind2=" "><marc:subfield code="a">(TxDaGIAL)37741100008366</marc:subfield></marc:datafield><marc:controlfield tag="005">20080624154532.0</marc:controlfield><marc:controlfield tag="001">747</marc:controlfield><marc:controlfield tag="003">TxDaGIAL</marc:controlfield><marc:datafield tag="852" ind1=" " ind2=" "><marc:subfield code="p">37741100008366</marc:subfield><marc:subfield code="a">Library</marc:subfield><marc:subfield code="x">COPYID:846</marc:subfield><marc:subfield code="x">FSC@aRegular@c19950921</marc:subfield><marc:subfield code="h">971.00497 V281a 1974</marc:subfield><marc:subfield code="z">6631</marc:subfield></marc:datafield></marc:record>