
<marc:record><marc:leader>01001pam a2200265 a 4500</marc:leader>
<marc:controlfield tag="008">890620s1989    wb       b    00100 eng  </marc:controlfield>
<marc:datafield tag="010" ind1=" " ind2=" "><marc:subfield code="a">   89012577</marc:subfield></marc:datafield><marc:datafield tag="020" ind1=" " ind2=" "><marc:subfield code="a">0899252826 (U.S. : alk. paper) :</marc:subfield><marc:subfield code="c">$118.00 (est.)</marc:subfield></marc:datafield><marc:datafield tag="040" ind1=" " ind2=" "><marc:subfield code="a">DLC</marc:subfield><marc:subfield code="c">DLC</marc:subfield><marc:subfield code="d">DLC</marc:subfield></marc:datafield><marc:datafield tag="050" ind1="0" ind2="0"><marc:subfield code="a">PM641</marc:subfield><marc:subfield code="b">.A94 1989</marc:subfield></marc:datafield><marc:datafield tag="082" ind1="0" ind2="0"><marc:subfield code="a">497/.2</marc:subfield><marc:subfield code="2">20</marc:subfield></marc:datafield><marc:datafield tag="245" ind1="0" ind2="0"><marc:subfield code="a">Athapaskan linguistics :</marc:subfield><marc:subfield code="b">current perspectives on a language family /</marc:subfield><marc:subfield code="c">edited by Eung-Do Cook and Keren D. Rice.</marc:subfield></marc:datafield><marc:datafield tag="260" ind1="0" ind2=" "><marc:subfield code="a">Berlin ;</marc:subfield><marc:subfield code="a">New York :</marc:subfield><marc:subfield code="b">M. de Gruyter,</marc:subfield><marc:subfield code="c">1989.</marc:subfield></marc:datafield><marc:datafield tag="300" ind1=" " ind2=" "><marc:subfield code="a">645 p. ;</marc:subfield><marc:subfield code="c">24 cm.</marc:subfield></marc:datafield><marc:datafield tag="490" ind1="1" ind2=" "><marc:subfield code="a">Trends in linguistics. State of-the-art reports ;</marc:subfield><marc:subfield code="v">15</marc:subfield></marc:datafield><marc:datafield tag="504" ind1=" " ind2=" "><marc:subfield code="a">Includes bibliographies and index.</marc:subfield></marc:datafield><marc:datafield tag="650" ind1=" " ind2="0"><marc:subfield code="a">Athapascan languages.</marc:subfield></marc:datafield><marc:datafield tag="700" ind1="1" ind2="0"><marc:subfield code="a">Cook, Eung-Do.</marc:subfield></marc:datafield><marc:datafield tag="700" ind1="1" ind2="0"><marc:subfield code="a">Rice, Keren,</marc:subfield><marc:subfield code="d">1949-</marc:subfield></marc:datafield><marc:datafield tag="830" ind1=" " ind2="0"><marc:subfield code="a">Trends in linguistics.</marc:subfield><marc:subfield code="p">State-of-the-art report ;</marc:subfield><marc:subfield code="v">15.</marc:subfield></marc:datafield><marc:datafield tag="035" ind1=" " ind2=" "><marc:subfield code="a">(TxDaGIAL)37741100003603</marc:subfield></marc:datafield><marc:controlfield tag="005">20080624154533.0</marc:controlfield><marc:controlfield tag="001">748</marc:controlfield><marc:controlfield tag="003">TxDaGIAL</marc:controlfield><marc:datafield tag="852" ind1=" " ind2=" "><marc:subfield code="p">37741100003603</marc:subfield><marc:subfield code="a">Library</marc:subfield><marc:subfield code="9">$128.00</marc:subfield><marc:subfield code="x">COPYID:847</marc:subfield><marc:subfield code="x">FSC@aRegular@c19950419</marc:subfield><marc:subfield code="h">497.2 A865c 1989</marc:subfield><marc:subfield code="z">B/T 1-90</marc:subfield></marc:datafield></marc:record>