
<marc:record><marc:leader>00966nam a2200241Ia 4500</marc:leader>
<marc:controlfield tag="008">920521s1977    pe ao    b    000 0 spa d</marc:controlfield>
<marc:datafield tag="040" ind1=" " ind2=" "><marc:subfield code="a">TxDaGIAL</marc:subfield><marc:subfield code="c">TxDaGIAL</marc:subfield></marc:datafield><marc:datafield tag="043" ind1=" " ind2=" "><marc:subfield code="a">s-pe---</marc:subfield></marc:datafield><marc:datafield tag="245" ind1="0" ind2="0"><marc:subfield code="a">Atlas de comunidades nativas /</marc:subfield><marc:subfield code="c">[compiled by] Alberto Chirif [and] Carlos Mora.</marc:subfield></marc:datafield><marc:datafield tag="260" ind1=" " ind2=" "><marc:subfield code="a">Lima :</marc:subfield><marc:subfield code="b">(SINAMOS-ONAMS) Direccin General de Organizaciones Rurales,</marc:subfield><marc:subfield code="c">1976.</marc:subfield></marc:datafield><marc:datafield tag="300" ind1=" " ind2=" "><marc:subfield code="a">248 p. :</marc:subfield><marc:subfield code="b">ill., photographs ;</marc:subfield><marc:subfield code="c">33 cm.</marc:subfield></marc:datafield><marc:datafield tag="504" ind1=" " ind2=" "><marc:subfield code="a">Includes bibliographical references (p. 209-248).</marc:subfield></marc:datafield><marc:datafield tag="546" ind1=" " ind2=" "><marc:subfield code="a">Spanish.</marc:subfield></marc:datafield><marc:datafield tag="650" ind1=" " ind2="0"><marc:subfield code="a">Indians of South America</marc:subfield><marc:subfield code="z">Peru</marc:subfield><marc:subfield code="x">Social conditions.</marc:subfield></marc:datafield><marc:datafield tag="650" ind1=" " ind2="0"><marc:subfield code="a">Indians of South America</marc:subfield><marc:subfield code="z">Peru</marc:subfield><marc:subfield code="x">Economic conditions.</marc:subfield></marc:datafield><marc:datafield tag="700" ind1="1" ind2=" "><marc:subfield code="a">Chirif, Alberto.</marc:subfield></marc:datafield><marc:datafield tag="700" ind1="1" ind2="0"><marc:subfield code="a">Mora, Carlos.</marc:subfield></marc:datafield><marc:datafield tag="710" ind1="2" ind2=" "><marc:subfield code="a">SINAMOS (Agency : Peru).</marc:subfield><marc:subfield code="b">Unidad de Apoyo a las Comunidades Nativas.</marc:subfield></marc:datafield><marc:datafield tag="035" ind1=" " ind2=" "><marc:subfield code="a">(TxDaGIAL)37741100021175</marc:subfield></marc:datafield><marc:controlfield tag="005">20080624154534.0</marc:controlfield><marc:controlfield tag="001">752</marc:controlfield><marc:controlfield tag="003">TxDaGIAL</marc:controlfield><marc:datafield tag="852" ind1=" " ind2=" "><marc:subfield code="p">37741100021175</marc:subfield><marc:subfield code="a">Library</marc:subfield><marc:subfield code="x">COPYID:851</marc:subfield><marc:subfield code="x">FSC@aRegular@c19971017</marc:subfield><marc:subfield code="h">985.00498 A881 1977</marc:subfield><marc:subfield code="z">5319</marc:subfield></marc:datafield></marc:record>