
<marc:record><marc:leader>00952nam a2200253 i 4500</marc:leader>
<marc:controlfield tag="008">740927 1954    ck            0 1 0 spa u</marc:controlfield>
<marc:datafield tag="010" ind1=" " ind2=" "><marc:subfield code="a">   59022913</marc:subfield></marc:datafield><marc:datafield tag="035" ind1=" " ind2=" "><marc:subfield code="a">(CU-UC)dlaisn890717</marc:subfield></marc:datafield><marc:datafield tag="040" ind1=" " ind2=" "><marc:subfield code="c">OSU</marc:subfield><marc:subfield code="d">RQA</marc:subfield></marc:datafield><marc:datafield tag="050" ind1=" " ind2=" "><marc:subfield code="a">PC4886</marc:subfield><marc:subfield code="b">.B8</marc:subfield></marc:datafield><marc:datafield tag="100" ind1="1" ind2="0"><marc:subfield code="a">Buesa Oliver, Toms.</marc:subfield></marc:datafield><marc:datafield tag="245" ind1="1" ind2="3"><marc:subfield code="a">El Atlas lingstico-etnogrfico de Colombia (ALEC) /</marc:subfield><marc:subfield code="c">[por] Toms Buesa Oliver [y] Lus Flrez.</marc:subfield></marc:datafield><marc:datafield tag="260" ind1="0" ind2=" "><marc:subfield code="a">Bogot :</marc:subfield><marc:subfield code="b">Institute Caro y Cuervo,</marc:subfield><marc:subfield code="c">1954.</marc:subfield></marc:datafield><marc:datafield tag="300" ind1=" " ind2=" "><marc:subfield code="a">171 p. :</marc:subfield><marc:subfield code="b">fold. map, tables. ;</marc:subfield><marc:subfield code="c">25 cm.</marc:subfield></marc:datafield><marc:datafield tag="500" ind1=" " ind2=" "><marc:subfield code="a">&quot;De Thesaurus, boletn del Instituto Caro y Cuervo, tomo X, numeros 1, 2 y 3, 1954.&quot;</marc:subfield></marc:datafield><marc:datafield tag="504" ind1=" " ind2=" "><marc:subfield code="a">Bibliographical footnotes.</marc:subfield></marc:datafield><marc:datafield tag="546" ind1=" " ind2=" "><marc:subfield code="a">Spanish.</marc:subfield></marc:datafield><marc:datafield tag="650" ind1=" " ind2="0"><marc:subfield code="a">Spanish language</marc:subfield><marc:subfield code="x">Provincialisms</marc:subfield><marc:subfield code="z">Colombia.</marc:subfield></marc:datafield><marc:datafield tag="700" ind1="1" ind2="0"><marc:subfield code="a">Flrez, Luis,</marc:subfield><marc:subfield code="e">joint author.</marc:subfield></marc:datafield><marc:datafield tag="035" ind1=" " ind2=" "><marc:subfield code="a">(TxDaGIAL)37741100013792</marc:subfield></marc:datafield><marc:controlfield tag="005">20080624154534.0</marc:controlfield><marc:controlfield tag="001">753</marc:controlfield><marc:controlfield tag="003">TxDaGIAL</marc:controlfield><marc:datafield tag="852" ind1=" " ind2=" "><marc:subfield code="p">37741100013792</marc:subfield><marc:subfield code="a">Library</marc:subfield><marc:subfield code="x">COPYID:852</marc:subfield><marc:subfield code="x">FSC@aRegular@c19961111</marc:subfield><marc:subfield code="h">409.861 B928a 1954</marc:subfield><marc:subfield code="z">1928</marc:subfield></marc:datafield></marc:record>