
<marc:record><marc:leader>01048cam a2200313 a 4500</marc:leader>
<marc:controlfield tag="008">861030s1987    coua     b    00010 eng  </marc:controlfield>
<marc:datafield tag="010" ind1=" " ind2=" "><marc:subfield code="a">   86051422 /MAP/r88</marc:subfield></marc:datafield><marc:datafield tag="020" ind1=" " ind2=" "><marc:subfield code="a">0813300452 (pbk. : alk. paper)</marc:subfield></marc:datafield><marc:datafield tag="020" ind1=" " ind2=" "><marc:subfield code="a">0813300444 (hard : alk. paper)</marc:subfield></marc:datafield><marc:datafield tag="034" ind1="0" ind2=" "><marc:subfield code="a">a</marc:subfield></marc:datafield><marc:datafield tag="040" ind1=" " ind2=" "><marc:subfield code="a">DLC</marc:subfield><marc:subfield code="c">DLC</marc:subfield><marc:subfield code="d">TxDaGIAL</marc:subfield></marc:datafield><marc:datafield tag="043" ind1=" " ind2=" "><marc:subfield code="a">az-----</marc:subfield></marc:datafield><marc:datafield tag="050" ind1="0" ind2=" "><marc:subfield code="a">G2260</marc:subfield><marc:subfield code="b">.D8 1987</marc:subfield></marc:datafield><marc:datafield tag="082" ind1="0" ind2=" "><marc:subfield code="a">912/.54</marc:subfield><marc:subfield code="2">19</marc:subfield></marc:datafield><marc:datafield tag="100" ind1="1" ind2="0"><marc:subfield code="a">Dutt, Ashok K.</marc:subfield></marc:datafield><marc:datafield tag="245" ind1="1" ind2="0"><marc:subfield code="a">Atlas of South Asia :</marc:subfield><marc:subfield code="b">fully annotated /</marc:subfield><marc:subfield code="c">Ashok K. Dutt, M. Margaret Geib.</marc:subfield></marc:datafield><marc:datafield tag="255" ind1=" " ind2=" "><marc:subfield code="a">Scales differ.</marc:subfield></marc:datafield><marc:datafield tag="260" ind1="0" ind2=" "><marc:subfield code="a">Boulder :</marc:subfield><marc:subfield code="b">Westview Press,</marc:subfield><marc:subfield code="c">1987.</marc:subfield></marc:datafield><marc:datafield tag="300" ind1=" " ind2=" "><marc:subfield code="a">1 atlas (xxiii, 231 p.) :</marc:subfield><marc:subfield code="b">ill., maps ;</marc:subfield><marc:subfield code="c">28 cm.</marc:subfield></marc:datafield><marc:datafield tag="504" ind1=" " ind2=" "><marc:subfield code="a">Bibliography: p. 225-231.</marc:subfield></marc:datafield><marc:datafield tag="651" ind1=" " ind2="0"><marc:subfield code="a">South Asia</marc:subfield><marc:subfield code="v">Maps.</marc:subfield></marc:datafield><marc:datafield tag="651" ind1=" " ind2="0"><marc:subfield code="a">South Asia</marc:subfield><marc:subfield code="x">Economic conditions</marc:subfield><marc:subfield code="v">Maps.</marc:subfield></marc:datafield><marc:datafield tag="651" ind1=" " ind2="0"><marc:subfield code="a">South Asia</marc:subfield><marc:subfield code="x">Social conditions</marc:subfield><marc:subfield code="v">Maps.</marc:subfield></marc:datafield><marc:datafield tag="700" ind1="1" ind2="0"><marc:subfield code="a">Geib, M. Margaret.</marc:subfield></marc:datafield><marc:datafield tag="035" ind1=" " ind2=" "><marc:subfield code="a">(TxDaGIAL)37741200000090</marc:subfield></marc:datafield><marc:controlfield tag="005">20080624154534.0</marc:controlfield><marc:controlfield tag="001">755</marc:controlfield><marc:controlfield tag="003">TxDaGIAL</marc:controlfield><marc:datafield tag="852" ind1=" " ind2=" "><marc:subfield code="p">37741200000090</marc:subfield><marc:subfield code="a">Library</marc:subfield><marc:subfield code="9">$18.95</marc:subfield><marc:subfield code="x">COPYID:854</marc:subfield><marc:subfield code="x">FSC@aMap@c19951018</marc:subfield><marc:subfield code="h">MAP 912.54 D979 1987</marc:subfield><marc:subfield code="z">4-89</marc:subfield></marc:datafield></marc:record>