
<marc:record><marc:leader>01125nam a2200313 a 4500</marc:leader>
<marc:controlfield tag="008">940103s1994    enk      b    001 0 eng  </marc:controlfield>
<marc:datafield tag="010" ind1=" " ind2=" "><marc:subfield code="a">   94675000 /MAP</marc:subfield></marc:datafield><marc:datafield tag="020" ind1=" " ind2=" "><marc:subfield code="a">0415019257</marc:subfield></marc:datafield><marc:datafield tag="034" ind1="0" ind2=" "><marc:subfield code="a">a</marc:subfield></marc:datafield><marc:datafield tag="040" ind1=" " ind2=" "><marc:subfield code="a">DLC</marc:subfield><marc:subfield code="c">DLC</marc:subfield></marc:datafield><marc:datafield tag="050" ind1="0" ind2="0"><marc:subfield code="a">G1046.E3</marc:subfield><marc:subfield code="b">A8 1994</marc:subfield></marc:datafield><marc:datafield tag="082" ind1="0" ind2="0"><marc:subfield code="a">402/.2/3</marc:subfield><marc:subfield code="2">20</marc:subfield></marc:datafield><marc:datafield tag="245" ind1="0" ind2="0"><marc:subfield code="a">Atlas of the world's languages /</marc:subfield><marc:subfield code="c">general editors Christopher Moseley and R.E. Asher ; section editors Mary Tait ... [et al.].</marc:subfield></marc:datafield><marc:datafield tag="255" ind1=" " ind2=" "><marc:subfield code="a">Scales differ.</marc:subfield></marc:datafield><marc:datafield tag="260" ind1=" " ind2=" "><marc:subfield code="a">London ;</marc:subfield><marc:subfield code="a">New York :</marc:subfield><marc:subfield code="b">Routledge,</marc:subfield><marc:subfield code="c">c1994.</marc:subfield></marc:datafield><marc:datafield tag="300" ind1=" " ind2=" "><marc:subfield code="a">1 atlas (viii, 372 p.) :</marc:subfield><marc:subfield code="b">col. maps ;</marc:subfield><marc:subfield code="c">43 cm.</marc:subfield></marc:datafield><marc:datafield tag="440" ind1=" " ind2="0"><marc:subfield code="a">Routledge reference</marc:subfield></marc:datafield><marc:datafield tag="500" ind1=" " ind2=" "><marc:subfield code="a">&quot;First published in 1994 by Routledge&quot;--T.p. verso.</marc:subfield></marc:datafield><marc:datafield tag="504" ind1=" " ind2=" "><marc:subfield code="a">Includes bibliographical references and index.</marc:subfield></marc:datafield><marc:datafield tag="650" ind1=" " ind2="0"><marc:subfield code="a">Linguistic geography</marc:subfield><marc:subfield code="v">Maps.</marc:subfield></marc:datafield><marc:datafield tag="650" ind1=" " ind2="0"><marc:subfield code="a">Language and languages.</marc:subfield></marc:datafield><marc:datafield tag="700" ind1="1" ind2="0"><marc:subfield code="a">Moseley, Christopher.</marc:subfield></marc:datafield><marc:datafield tag="700" ind1="1" ind2="0"><marc:subfield code="a">Asher, R. E.</marc:subfield></marc:datafield><marc:datafield tag="700" ind1="1" ind2="0"><marc:subfield code="a">Tait, Mary.</marc:subfield></marc:datafield><marc:datafield tag="035" ind1=" " ind2=" "><marc:subfield code="a">(TxDaGIAL)37741200000012</marc:subfield></marc:datafield><marc:controlfield tag="005">20080624154535.0</marc:controlfield><marc:controlfield tag="001">756</marc:controlfield><marc:controlfield tag="003">TxDaGIAL</marc:controlfield><marc:datafield tag="852" ind1=" " ind2=" "><marc:subfield code="p">37741200000012</marc:subfield><marc:subfield code="a">Library</marc:subfield><marc:subfield code="b">Map case</marc:subfield><marc:subfield code="9">$631.56</marc:subfield><marc:subfield code="x">COPYID:855</marc:subfield><marc:subfield code="x">FSC@aReference@c19950127</marc:subfield><marc:subfield code="h">REF 409 A881m 1994</marc:subfield><marc:subfield code="z">Heffers 1-31-94</marc:subfield></marc:datafield></marc:record>