
<marc:record><marc:leader>01428nam a2200325 a 4500</marc:leader>
<marc:controlfield tag="008">900712s1990    ii a     bs   001 0 eng  </marc:controlfield>
<marc:datafield tag="010" ind1=" " ind2=" "><marc:subfield code="a">   90902848 /MAP</marc:subfield></marc:datafield><marc:datafield tag="020" ind1=" " ind2=" "><marc:subfield code="a">8170222869 :</marc:subfield><marc:subfield code="c">Rs800.00 ($160.00 U.S.)</marc:subfield></marc:datafield><marc:datafield tag="025" ind1=" " ind2=" "><marc:subfield code="a">I E 62259</marc:subfield></marc:datafield><marc:datafield tag="034" ind1="1" ind2=" "><marc:subfield code="a">a</marc:subfield><marc:subfield code="b">12500000</marc:subfield></marc:datafield><marc:datafield tag="040" ind1=" " ind2=" "><marc:subfield code="a">DLC</marc:subfield><marc:subfield code="c">DLC</marc:subfield><marc:subfield code="d">DLC</marc:subfield></marc:datafield><marc:datafield tag="043" ind1=" " ind2=" "><marc:subfield code="a">a-ii---</marc:subfield></marc:datafield><marc:datafield tag="050" ind1="0" ind2="0"><marc:subfield code="a">G2281.E1</marc:subfield><marc:subfield code="b">R34 1990</marc:subfield></marc:datafield><marc:datafield tag="082" ind1="0" ind2="0"><marc:subfield code="a">305.8/00954/022</marc:subfield><marc:subfield code="2">20</marc:subfield></marc:datafield><marc:datafield tag="100" ind1="1" ind2=" "><marc:subfield code="a">Raza, Moonis.</marc:subfield></marc:datafield><marc:datafield tag="245" ind1="1" ind2="3"><marc:subfield code="a">An atlas of tribal India :</marc:subfield><marc:subfield code="b">with computed tables of district-level data and its geographical interpretation /</marc:subfield><marc:subfield code="c">Moonis Raza, Aijazuddin Ahmad.</marc:subfield></marc:datafield><marc:datafield tag="255" ind1=" " ind2=" "><marc:subfield code="a">Scale [ca. 1:12,500,000].</marc:subfield></marc:datafield><marc:datafield tag="260" ind1=" " ind2=" "><marc:subfield code="a">New Delhi :</marc:subfield><marc:subfield code="b">Concept Pub. Co.,</marc:subfield><marc:subfield code="c">1990.</marc:subfield></marc:datafield><marc:datafield tag="300" ind1=" " ind2=" "><marc:subfield code="a">1 atlas (xxv, 472 p., 1 folded leaf of plates) :</marc:subfield><marc:subfield code="b">ill., maps (some col.) ;</marc:subfield><marc:subfield code="c">29 cm.</marc:subfield></marc:datafield><marc:datafield tag="504" ind1=" " ind2=" "><marc:subfield code="a">Includes bibliographical references (p. [455]-461) and index.</marc:subfield></marc:datafield><marc:datafield tag="505" ind1="0" ind2=" "><marc:subfield code="a">Spatial distribution and region formation -- Ecological setting -- Rural-urban composition -- Sex ratio and marital status -- Cultural aspects -- Literacy -- Participation in economic activity -- Structure of work force.</marc:subfield></marc:datafield><marc:datafield tag="650" ind1=" " ind2="0"><marc:subfield code="a">Tribes</marc:subfield><marc:subfield code="z">India</marc:subfield><marc:subfield code="v">Maps.</marc:subfield></marc:datafield><marc:datafield tag="650" ind1=" " ind2="0"><marc:subfield code="a">Tribes</marc:subfield><marc:subfield code="z">India</marc:subfield><marc:subfield code="v">Statistics.</marc:subfield></marc:datafield><marc:datafield tag="700" ind1="1" ind2="0"><marc:subfield code="a">Ahmad, Aijazuddin.</marc:subfield></marc:datafield><marc:datafield tag="740" ind1="0" ind2="1"><marc:subfield code="a">Tribal India.</marc:subfield></marc:datafield><marc:datafield tag="035" ind1=" " ind2=" "><marc:subfield code="a">(TxDaGIAL)37741100003937</marc:subfield></marc:datafield><marc:controlfield tag="005">20080624154535.0</marc:controlfield><marc:controlfield tag="001">757</marc:controlfield><marc:controlfield tag="003">TxDaGIAL</marc:controlfield><marc:datafield tag="852" ind1=" " ind2=" "><marc:subfield code="p">37741100003937</marc:subfield><marc:subfield code="a">Library</marc:subfield><marc:subfield code="9">$53.33</marc:subfield><marc:subfield code="x">COPYID:856</marc:subfield><marc:subfield code="x">FSC@aRegular@c19950503</marc:subfield><marc:subfield code="h">305.800954 R278a 1990</marc:subfield><marc:subfield code="z">Indian Books Centre 3-95</marc:subfield></marc:datafield></marc:record>