
<marc:record><marc:leader>00891cam a2200289 a 4500</marc:leader>
<marc:controlfield tag="008">830714s1983    enk           00110 eng  </marc:controlfield>
<marc:datafield tag="010" ind1=" " ind2=" "><marc:subfield code="a">   83675921 //r90</marc:subfield></marc:datafield><marc:datafield tag="020" ind1=" " ind2=" "><marc:subfield code="a">0416323707 (cased) :</marc:subfield><marc:subfield code="c">$10.00</marc:subfield></marc:datafield><marc:datafield tag="020" ind1=" " ind2=" "><marc:subfield code="a">0416323804 (pbk.) :</marc:subfield><marc:subfield code="c">3.95</marc:subfield></marc:datafield><marc:datafield tag="034" ind1="0" ind2=" "><marc:subfield code="a">a</marc:subfield></marc:datafield><marc:datafield tag="040" ind1=" " ind2=" "><marc:subfield code="a">DLC</marc:subfield><marc:subfield code="c">DLC</marc:subfield><marc:subfield code="d">DLC</marc:subfield></marc:datafield><marc:datafield tag="050" ind1="0" ind2="0"><marc:subfield code="a">G1046.F6</marc:subfield><marc:subfield code="b">B914 1983</marc:subfield></marc:datafield><marc:datafield tag="082" ind1="0" ind2="0"><marc:subfield code="a">911</marc:subfield><marc:subfield code="2">19</marc:subfield></marc:datafield><marc:datafield tag="100" ind1="1" ind2="0"><marc:subfield code="a">Boyd, Andrew,</marc:subfield><marc:subfield code="d">1920-</marc:subfield></marc:datafield><marc:datafield tag="245" ind1="1" ind2="3"><marc:subfield code="a">An atlas of world affairs /</marc:subfield><marc:subfield code="c">Andrew Boyd.</marc:subfield></marc:datafield><marc:datafield tag="250" ind1=" " ind2=" "><marc:subfield code="a">7th ed.</marc:subfield></marc:datafield><marc:datafield tag="255" ind1=" " ind2=" "><marc:subfield code="a">Scales differ.</marc:subfield></marc:datafield><marc:datafield tag="260" ind1="0" ind2=" "><marc:subfield code="a">London ;</marc:subfield><marc:subfield code="a">New York :</marc:subfield><marc:subfield code="b">Methuen,</marc:subfield><marc:subfield code="c">1983.</marc:subfield></marc:datafield><marc:datafield tag="300" ind1=" " ind2=" "><marc:subfield code="a">1 atlas (208 p.) :</marc:subfield><marc:subfield code="b">maps ;</marc:subfield><marc:subfield code="c">21 cm.</marc:subfield></marc:datafield><marc:datafield tag="500" ind1=" " ind2=" "><marc:subfield code="a">Includes index.</marc:subfield></marc:datafield><marc:datafield tag="650" ind1=" " ind2="0"><marc:subfield code="a">World politics</marc:subfield><marc:subfield code="y">1945-</marc:subfield><marc:subfield code="v">Maps.</marc:subfield></marc:datafield><marc:datafield tag="650" ind1=" " ind2="0"><marc:subfield code="a">Historical geography</marc:subfield><marc:subfield code="v">Maps.</marc:subfield></marc:datafield><marc:datafield tag="035" ind1=" " ind2=" "><marc:subfield code="a">(TxDaGIAL)37741100007340</marc:subfield></marc:datafield><marc:controlfield tag="005">20080624154536.0</marc:controlfield><marc:controlfield tag="001">758</marc:controlfield><marc:controlfield tag="003">TxDaGIAL</marc:controlfield><marc:datafield tag="852" ind1=" " ind2=" "><marc:subfield code="p">37741100007340</marc:subfield><marc:subfield code="a">Library</marc:subfield><marc:subfield code="x">COPYID:857</marc:subfield><marc:subfield code="x">FSC@aRegular@c19950829</marc:subfield><marc:subfield code="h">911 B789 1983</marc:subfield><marc:subfield code="z">10250</marc:subfield></marc:datafield></marc:record>