
<marc:record><marc:leader>01086cam a2200277   4500</marc:leader>
<marc:controlfield tag="008">720503r1970    ctua     b    00110 eng  </marc:controlfield>
<marc:datafield tag="010" ind1=" " ind2=" "><marc:subfield code="a">   79110044 //r892</marc:subfield></marc:datafield><marc:datafield tag="040" ind1=" " ind2=" "><marc:subfield code="a">DLC</marc:subfield><marc:subfield code="c">DLC</marc:subfield></marc:datafield><marc:datafield tag="043" ind1=" " ind2=" "><marc:subfield code="a">poci---</marc:subfield></marc:datafield><marc:datafield tag="050" ind1="0" ind2=" "><marc:subfield code="a">DU568.I3</marc:subfield><marc:subfield code="b">B8 1970</marc:subfield></marc:datafield><marc:datafield tag="082" ind1=" " ind2=" "><marc:subfield code="a">301.29/96/6</marc:subfield></marc:datafield><marc:datafield tag="100" ind1="1" ind2="0"><marc:subfield code="a">Burrows, Edwin G.</marc:subfield><marc:subfield code="q">(Edwin Grant),</marc:subfield><marc:subfield code="d">1891-1958.</marc:subfield></marc:datafield><marc:datafield tag="245" ind1="1" ind2="3"><marc:subfield code="a">An atoll culture :</marc:subfield><marc:subfield code="b">ethnography of Ifaluk in the central Carolines /</marc:subfield><marc:subfield code="c">[by] Edwin G. Burrows and Melford E. Spiro.</marc:subfield></marc:datafield><marc:datafield tag="260" ind1="0" ind2=" "><marc:subfield code="a">Westport, Conn. :</marc:subfield><marc:subfield code="b">Greenwood Press,</marc:subfield><marc:subfield code="c">[1970, c1957]</marc:subfield></marc:datafield><marc:datafield tag="300" ind1=" " ind2=" "><marc:subfield code="a">xvi, 355 p. :</marc:subfield><marc:subfield code="b">illus. ;</marc:subfield><marc:subfield code="c">23 cm.</marc:subfield></marc:datafield><marc:datafield tag="500" ind1=" " ind2=" "><marc:subfield code="a">Original ed. issued in series: Behavior science monograph.</marc:subfield></marc:datafield><marc:datafield tag="504" ind1=" " ind2=" "><marc:subfield code="a">Bibliography: p. 322-323.</marc:subfield></marc:datafield><marc:datafield tag="650" ind1=" " ind2="0"><marc:subfield code="a">Ethnology</marc:subfield><marc:subfield code="z">Micronesia (Federated States)</marc:subfield><marc:subfield code="z">Ifalik Atoll (Micronesia)</marc:subfield></marc:datafield><marc:datafield tag="651" ind1=" " ind2="0"><marc:subfield code="a">Ifalik Atoll (Micronesia)</marc:subfield></marc:datafield><marc:datafield tag="700" ind1="1" ind2="0"><marc:subfield code="a">Spiro, Melford E.,</marc:subfield><marc:subfield code="e">joint author.</marc:subfield></marc:datafield><marc:datafield tag="830" ind1=" " ind2="0"><marc:subfield code="a">Behavior science monograph.</marc:subfield></marc:datafield><marc:datafield tag="035" ind1=" " ind2=" "><marc:subfield code="a">(TxDaGIAL)37741100004173</marc:subfield></marc:datafield><marc:controlfield tag="005">20080624154536.0</marc:controlfield><marc:controlfield tag="001">760</marc:controlfield><marc:controlfield tag="003">TxDaGIAL</marc:controlfield><marc:datafield tag="852" ind1=" " ind2=" "><marc:subfield code="p">37741100004173</marc:subfield><marc:subfield code="a">Library</marc:subfield><marc:subfield code="9">$0.00</marc:subfield><marc:subfield code="x">COPYID:859</marc:subfield><marc:subfield code="x">FSC@aRegular@c19950519</marc:subfield><marc:subfield code="h">305.8995 B972a 1970</marc:subfield><marc:subfield code="z">8338</marc:subfield></marc:datafield></marc:record>