
<marc:record><marc:leader>00848nam a2200253 a 4500</marc:leader>
<marc:controlfield tag="008">830930s1982    gw a     b    00010 eng  </marc:controlfield>
<marc:datafield tag="010" ind1=" " ind2=" "><marc:subfield code="a">   83103326</marc:subfield></marc:datafield><marc:datafield tag="020" ind1=" " ind2=" "><marc:subfield code="a">3878089953 (pbk.) :</marc:subfield><marc:subfield code="c">DM24.80</marc:subfield></marc:datafield><marc:datafield tag="040" ind1=" " ind2=" "><marc:subfield code="a">DLC</marc:subfield><marc:subfield code="c">DLC</marc:subfield><marc:subfield code="d">DLC</marc:subfield></marc:datafield><marc:datafield tag="050" ind1="0" ind2=" "><marc:subfield code="a">PF3131</marc:subfield><marc:subfield code="b">.K44 1982</marc:subfield></marc:datafield><marc:datafield tag="082" ind1="0" ind2=" "><marc:subfield code="a">431/.5</marc:subfield><marc:subfield code="2">19</marc:subfield></marc:datafield><marc:datafield tag="100" ind1="1" ind2="0"><marc:subfield code="a">Keel, William D.</marc:subfield></marc:datafield><marc:datafield tag="245" ind1="1" ind2="0"><marc:subfield code="a">Atomic phonology and phonological variation /</marc:subfield><marc:subfield code="c">William D. Keel.</marc:subfield></marc:datafield><marc:datafield tag="260" ind1="0" ind2=" "><marc:subfield code="a">Tbingen :</marc:subfield><marc:subfield code="b">Gunter Narr,</marc:subfield><marc:subfield code="c">c1982.</marc:subfield></marc:datafield><marc:datafield tag="300" ind1=" " ind2=" "><marc:subfield code="a">103 p. :</marc:subfield><marc:subfield code="b">ill. ;</marc:subfield><marc:subfield code="c">21 cm.</marc:subfield></marc:datafield><marc:datafield tag="440" ind1=" " ind2="0"><marc:subfield code="a">Studien zur deutschen Grammatik ;</marc:subfield><marc:subfield code="v">Bd. 16</marc:subfield></marc:datafield><marc:datafield tag="504" ind1=" " ind2=" "><marc:subfield code="a">Bibliography: p. 99-103.</marc:subfield></marc:datafield><marc:datafield tag="650" ind1=" " ind2="0"><marc:subfield code="a">German language</marc:subfield><marc:subfield code="x">Phonology.</marc:subfield></marc:datafield><marc:datafield tag="650" ind1=" " ind2="0"><marc:subfield code="a">German language</marc:subfield><marc:subfield code="x">Dialects</marc:subfield><marc:subfield code="x">Phonology.</marc:subfield></marc:datafield><marc:datafield tag="035" ind1=" " ind2=" "><marc:subfield code="a">(TxDaGIAL)37741100002921</marc:subfield></marc:datafield><marc:controlfield tag="005">20080624154536.0</marc:controlfield><marc:controlfield tag="001">761</marc:controlfield><marc:controlfield tag="003">TxDaGIAL</marc:controlfield><marc:datafield tag="852" ind1=" " ind2=" "><marc:subfield code="p">37741100002921</marc:subfield><marc:subfield code="a">Library</marc:subfield><marc:subfield code="x">COPYID:860</marc:subfield><marc:subfield code="x">FSC@aRegular@c19950329</marc:subfield><marc:subfield code="h">414 K26a 1982</marc:subfield><marc:subfield code="z">9684</marc:subfield></marc:datafield></marc:record>