
<marc:record><marc:leader>00919nam a22002651  4500</marc:leader>
<marc:controlfield tag="008">940731s1985    miu           001 0 eng d</marc:controlfield>
<marc:datafield tag="010" ind1=" " ind2=" "><marc:subfield code="a">85-71066</marc:subfield></marc:datafield><marc:datafield tag="020" ind1=" " ind2=" "><marc:subfield code="a">0801061946 :</marc:subfield><marc:subfield code="c">$19.95</marc:subfield></marc:datafield><marc:datafield tag="040" ind1=" " ind2=" "><marc:subfield code="a">DLC</marc:subfield><marc:subfield code="c">TxDaGIAL</marc:subfield><marc:subfield code="d">TxDaGIAL</marc:subfield></marc:datafield><marc:datafield tag="050" ind1=" " ind2=" "><marc:subfield code="a">BT263</marc:subfield><marc:subfield code="b">.M34 1985</marc:subfield></marc:datafield><marc:datafield tag="082" ind1=" " ind2=" "><marc:subfield code="a">232/.3</marc:subfield><marc:subfield code="2">20</marc:subfield></marc:datafield><marc:datafield tag="100" ind1="1" ind2=" "><marc:subfield code="a">McDonald, H. D.</marc:subfield><marc:subfield code="q">(Hugh Dermot)</marc:subfield></marc:datafield><marc:datafield tag="245" ind1="1" ind2="4"><marc:subfield code="a">The atonement of the death of Christ :</marc:subfield><marc:subfield code="b">in faith, revelation, and history /</marc:subfield><marc:subfield code="c">H.D. McDonald.</marc:subfield></marc:datafield><marc:datafield tag="260" ind1=" " ind2=" "><marc:subfield code="a">Grand Rapids, Mich. :</marc:subfield><marc:subfield code="b">Baker Book House,</marc:subfield><marc:subfield code="c">c1985.</marc:subfield></marc:datafield><marc:datafield tag="300" ind1=" " ind2=" "><marc:subfield code="a">371 p. ;</marc:subfield><marc:subfield code="c">24 cm.</marc:subfield></marc:datafield><marc:datafield tag="500" ind1=" " ind2=" "><marc:subfield code="a">Includes indexes.</marc:subfield></marc:datafield><marc:datafield tag="504" ind1=" " ind2=" "><marc:subfield code="a">Bibliography: p. 356-364.</marc:subfield></marc:datafield><marc:datafield tag="650" ind1=" " ind2="0"><marc:subfield code="a">Atonement</marc:subfield><marc:subfield code="x">History of doctrines.</marc:subfield></marc:datafield><marc:datafield tag="650" ind1=" " ind2="0"><marc:subfield code="a">Atonement.</marc:subfield></marc:datafield><marc:datafield tag="650" ind1=" " ind2="0"><marc:subfield code="a">Atonement</marc:subfield><marc:subfield code="x">Biblical teaching.</marc:subfield></marc:datafield><marc:datafield tag="035" ind1=" " ind2=" "><marc:subfield code="a">(TxDaGIAL)37741100000246</marc:subfield></marc:datafield><marc:controlfield tag="005">20080624154536.0</marc:controlfield><marc:controlfield tag="001">762</marc:controlfield><marc:controlfield tag="003">TxDaGIAL</marc:controlfield><marc:datafield tag="852" ind1=" " ind2=" "><marc:subfield code="p">37741100000246</marc:subfield><marc:subfield code="a">Library</marc:subfield><marc:subfield code="9">$0.00</marc:subfield><marc:subfield code="x">COPYID:861</marc:subfield><marc:subfield code="x">FSC@aRegular@c19940623</marc:subfield><marc:subfield code="h">232.3 M135a 1985</marc:subfield><marc:subfield code="z">gift Trans. Dept.</marc:subfield></marc:datafield></marc:record>