
<marc:record><marc:leader>01178cam a2200289 i 4500</marc:leader>
<marc:controlfield tag="008">740417s1974    mdu      b    00110 eng  </marc:controlfield>
<marc:datafield tag="010" ind1=" " ind2=" "><marc:subfield code="a">   73019350 //r852</marc:subfield></marc:datafield><marc:datafield tag="020" ind1=" " ind2=" "><marc:subfield code="a">0801816009</marc:subfield><marc:subfield code="a">0801816017 (pbk.)</marc:subfield></marc:datafield><marc:datafield tag="040" ind1=" " ind2=" "><marc:subfield code="a">DLC</marc:subfield><marc:subfield code="c">DLC</marc:subfield><marc:subfield code="d">TxDaGIAL</marc:subfield></marc:datafield><marc:datafield tag="043" ind1=" " ind2=" "><marc:subfield code="a">d------</marc:subfield></marc:datafield><marc:datafield tag="050" ind1="0" ind2=" "><marc:subfield code="a">LC5146</marc:subfield><marc:subfield code="b">.C65 1974</marc:subfield></marc:datafield><marc:datafield tag="082" ind1=" " ind2=" "><marc:subfield code="a">370.19/3</marc:subfield></marc:datafield><marc:datafield tag="100" ind1="1" ind2="0"><marc:subfield code="a">Coombs, Philip Hall,</marc:subfield><marc:subfield code="d">1915-</marc:subfield></marc:datafield><marc:datafield tag="245" ind1="1" ind2="0"><marc:subfield code="a">Attacking rural poverty :</marc:subfield><marc:subfield code="b">how nonformal education can help /</marc:subfield><marc:subfield code="c">Philip H. Coombs, with Manzoor Ahmed. A research report for the World Bank, prepared by the International Council for Educational Development ; edited by Barbara Baird Israel.</marc:subfield></marc:datafield><marc:datafield tag="260" ind1="0" ind2=" "><marc:subfield code="a">Baltimore :</marc:subfield><marc:subfield code="b">Johns Hopkins University Press,</marc:subfield><marc:subfield code="c">c1974.</marc:subfield></marc:datafield><marc:datafield tag="300" ind1=" " ind2=" "><marc:subfield code="a">xvi, 292 p. ;</marc:subfield><marc:subfield code="c">23 cm.</marc:subfield></marc:datafield><marc:datafield tag="504" ind1=" " ind2=" "><marc:subfield code="a">Bibliography: p. 273-279.</marc:subfield></marc:datafield><marc:datafield tag="650" ind1=" " ind2="0"><marc:subfield code="a">Education, Rural.</marc:subfield></marc:datafield><marc:datafield tag="650" ind1=" " ind2="0"><marc:subfield code="a">Agricultural education</marc:subfield><marc:subfield code="z">Developing countries.</marc:subfield></marc:datafield><marc:datafield tag="700" ind1="1" ind2="0"><marc:subfield code="a">Ahmed, Manzoor,</marc:subfield><marc:subfield code="d">1940-</marc:subfield><marc:subfield code="e">joint author.</marc:subfield></marc:datafield><marc:datafield tag="710" ind1="2" ind2="0"><marc:subfield code="a">World Bank.</marc:subfield></marc:datafield><marc:datafield tag="710" ind1="2" ind2="0"><marc:subfield code="a">International Council for Educational Development.</marc:subfield></marc:datafield><marc:datafield tag="035" ind1=" " ind2=" "><marc:subfield code="a">(TxDaGIAL)37741100007996</marc:subfield></marc:datafield><marc:controlfield tag="005">20080624154537.0</marc:controlfield><marc:controlfield tag="001">763</marc:controlfield><marc:controlfield tag="003">TxDaGIAL</marc:controlfield><marc:datafield tag="852" ind1=" " ind2=" "><marc:subfield code="p">37741100007996</marc:subfield><marc:subfield code="a">Library</marc:subfield><marc:subfield code="x">COPYID:862</marc:subfield><marc:subfield code="x">FSC@aRegular@c19971128</marc:subfield><marc:subfield code="h">306.43 C731 1974</marc:subfield><marc:subfield code="z">5640</marc:subfield></marc:datafield></marc:record>