
<marc:record><marc:leader>00922cam a2200253 i 4500</marc:leader>
<marc:controlfield tag="008">760716s1976    njua     b    001 0 eng  </marc:controlfield>
<marc:datafield tag="010" ind1=" " ind2=" "><marc:subfield code="a">   76026002 //r94</marc:subfield></marc:datafield><marc:datafield tag="020" ind1=" " ind2=" "><marc:subfield code="a">0470989084</marc:subfield></marc:datafield><marc:datafield tag="040" ind1=" " ind2=" "><marc:subfield code="a">DLC</marc:subfield><marc:subfield code="c">DLC</marc:subfield><marc:subfield code="d">DLC</marc:subfield></marc:datafield><marc:datafield tag="050" ind1="0" ind2="0"><marc:subfield code="a">BF311</marc:subfield><marc:subfield code="b">.H334 vol. 4</marc:subfield><marc:subfield code="a">BF371</marc:subfield></marc:datafield><marc:datafield tag="082" ind1="0" ind2="0"><marc:subfield code="a">153 s</marc:subfield><marc:subfield code="a">153.1/2</marc:subfield></marc:datafield><marc:datafield tag="245" ind1="0" ind2="0"><marc:subfield code="a">Attention and memory /</marc:subfield><marc:subfield code="c">edited by W. K. Estes.</marc:subfield></marc:datafield><marc:datafield tag="260" ind1="0" ind2=" "><marc:subfield code="a">Hillsdale, N.J. :</marc:subfield><marc:subfield code="b">L. Erlbaum Associates ;</marc:subfield><marc:subfield code="a">New York :</marc:subfield><marc:subfield code="b">distributed by Halsted Press Division of Wiley,</marc:subfield><marc:subfield code="c">c1976.</marc:subfield></marc:datafield><marc:datafield tag="300" ind1=" " ind2=" "><marc:subfield code="a">x, 436 p. :</marc:subfield><marc:subfield code="b">ill. ;</marc:subfield><marc:subfield code="c">24 cm.</marc:subfield></marc:datafield><marc:datafield tag="440" ind1=" " ind2="0"><marc:subfield code="a">Handbook of learning and cognitive processes ;</marc:subfield><marc:subfield code="v">v. 4</marc:subfield></marc:datafield><marc:datafield tag="504" ind1=" " ind2=" "><marc:subfield code="a">Includes bibliographical references and indexes.</marc:subfield></marc:datafield><marc:datafield tag="650" ind1=" " ind2="0"><marc:subfield code="a">Memory.</marc:subfield></marc:datafield><marc:datafield tag="650" ind1=" " ind2="0"><marc:subfield code="a">Attention.</marc:subfield></marc:datafield><marc:datafield tag="700" ind1="1" ind2="0"><marc:subfield code="a">Estes, William K.</marc:subfield><marc:subfield code="q">(William Kaye)</marc:subfield></marc:datafield><marc:datafield tag="035" ind1=" " ind2=" "><marc:subfield code="a">(TxDaGIAL)37741100005759</marc:subfield></marc:datafield><marc:controlfield tag="005">20080624154537.0</marc:controlfield><marc:controlfield tag="001">764</marc:controlfield><marc:controlfield tag="003">TxDaGIAL</marc:controlfield><marc:datafield tag="852" ind1=" " ind2=" "><marc:subfield code="p">37741100005759</marc:subfield><marc:subfield code="a">Library</marc:subfield><marc:subfield code="x">COPYID:863</marc:subfield><marc:subfield code="x">FSC@aRegular@c19950712</marc:subfield><marc:subfield code="h">153.12 A883e 1976</marc:subfield><marc:subfield code="z">4689</marc:subfield></marc:datafield></marc:record>