
<marc:record><marc:leader>01025cam a2200277 i 4500</marc:leader>
<marc:controlfield tag="008">780726s1978    njua     b    101 0 eng  </marc:controlfield>
<marc:datafield tag="010" ind1=" " ind2=" "><marc:subfield code="a">   78013662</marc:subfield></marc:datafield><marc:datafield tag="020" ind1=" " ind2=" "><marc:subfield code="a">0470265213</marc:subfield></marc:datafield><marc:datafield tag="035" ind1=" " ind2=" "><marc:subfield code="a">(OCoLC)4136090</marc:subfield></marc:datafield><marc:datafield tag="035" ind1=" " ind2=" "><marc:subfield code="a">NYSG4136090-B</marc:subfield></marc:datafield><marc:datafield tag="040" ind1=" " ind2=" "><marc:subfield code="a">DLC</marc:subfield><marc:subfield code="c">DLC</marc:subfield><marc:subfield code="d">m.c.</marc:subfield><marc:subfield code="d">NSbSU</marc:subfield><marc:subfield code="d">CStRLIN</marc:subfield></marc:datafield><marc:datafield tag="050" ind1="0" ind2=" "><marc:subfield code="a">BF321</marc:subfield><marc:subfield code="b">.I57 1976</marc:subfield></marc:datafield><marc:datafield tag="082" ind1=" " ind2=" "><marc:subfield code="a">153.7</marc:subfield></marc:datafield><marc:datafield tag="111" ind1="2" ind2=" "><marc:subfield code="a">International Symposium on Attention and Performance</marc:subfield><marc:subfield code="n">(7th :</marc:subfield><marc:subfield code="d">1976 :</marc:subfield><marc:subfield code="c">Abbey of Snanque)</marc:subfield></marc:datafield><marc:datafield tag="245" ind1="1" ind2="0"><marc:subfield code="a">Attention and performance VII /</marc:subfield><marc:subfield code="c">edited by Jean Requin.</marc:subfield></marc:datafield><marc:datafield tag="260" ind1=" " ind2=" "><marc:subfield code="a">Hillsdale, N.J. :</marc:subfield><marc:subfield code="b">L. Erlbaum Associates ;</marc:subfield><marc:subfield code="a">New York :</marc:subfield><marc:subfield code="b">distributed solely by Halsted Press Division, Wiley,</marc:subfield><marc:subfield code="c">1978.</marc:subfield></marc:datafield><marc:datafield tag="300" ind1=" " ind2=" "><marc:subfield code="a">xxviii, 730 p. :</marc:subfield><marc:subfield code="b">ill. ;</marc:subfield><marc:subfield code="c">24 cm.</marc:subfield></marc:datafield><marc:datafield tag="504" ind1=" " ind2=" "><marc:subfield code="a">Includes bibliographies and indexes.</marc:subfield></marc:datafield><marc:datafield tag="650" ind1=" " ind2="0"><marc:subfield code="a">Attention</marc:subfield><marc:subfield code="v">Congresses.</marc:subfield></marc:datafield><marc:datafield tag="650" ind1=" " ind2="0"><marc:subfield code="a">Performance</marc:subfield><marc:subfield code="v">Congresses.</marc:subfield></marc:datafield><marc:datafield tag="700" ind1="1" ind2="0"><marc:subfield code="a">Requin, Jean.</marc:subfield></marc:datafield><marc:datafield tag="035" ind1=" " ind2=" "><marc:subfield code="a">(TxDaGIAL)37741100013261</marc:subfield></marc:datafield><marc:controlfield tag="005">20080624154537.0</marc:controlfield><marc:controlfield tag="001">765</marc:controlfield><marc:controlfield tag="003">TxDaGIAL</marc:controlfield><marc:datafield tag="852" ind1=" " ind2=" "><marc:subfield code="p">37741100013261</marc:subfield><marc:subfield code="a">Library</marc:subfield><marc:subfield code="x">COPYID:864</marc:subfield><marc:subfield code="x">FSC@aRegular@c19960916</marc:subfield><marc:subfield code="h">153.7 I61a 1976</marc:subfield><marc:subfield code="z">5793</marc:subfield></marc:datafield></marc:record>