
<marc:record><marc:leader>00815nam a2200229Ii 4500</marc:leader>
<marc:controlfield tag="008">910314s1974    it ab         10000 mul d</marc:controlfield>
<marc:datafield tag="040" ind1=" " ind2=" "><marc:subfield code="a">TxDaGIAL</marc:subfield><marc:subfield code="c">TxDaGIAL</marc:subfield></marc:datafield><marc:datafield tag="041" ind1="0" ind2=" "><marc:subfield code="a">engfreporspa</marc:subfield></marc:datafield><marc:datafield tag="111" ind1="2" ind2="0"><marc:subfield code="a">International Congress of Americanists</marc:subfield><marc:subfield code="n">(40th :</marc:subfield><marc:subfield code="d">1972 :</marc:subfield><marc:subfield code="c">Genova, Italy)</marc:subfield></marc:datafield><marc:datafield tag="245" ind1="1" ind2="0"><marc:subfield code="a">Atti del XL Congresso Internazionale degli Americanisti :</marc:subfield><marc:subfield code="b">vol. II.</marc:subfield></marc:datafield><marc:datafield tag="260" ind1="0" ind2=" "><marc:subfield code="a">Genova :</marc:subfield><marc:subfield code="b">Tilgher,</marc:subfield><marc:subfield code="c">1974.</marc:subfield></marc:datafield><marc:datafield tag="300" ind1=" " ind2=" "><marc:subfield code="a">677 p. :</marc:subfield><marc:subfield code="b">ill., maps ;</marc:subfield><marc:subfield code="c">24 cm.</marc:subfield></marc:datafield><marc:datafield tag="500" ind1=" " ind2=" "><marc:subfield code="a">In English, French, Portuguese, or Spanish.</marc:subfield></marc:datafield><marc:datafield tag="504" ind1=" " ind2=" "><marc:subfield code="a">Includes bibliographies.</marc:subfield></marc:datafield><marc:datafield tag="546" ind1=" " ind2=" "><marc:subfield code="a">Multiple Languages.</marc:subfield></marc:datafield><marc:datafield tag="650" ind1=" " ind2="0"><marc:subfield code="a">Indians</marc:subfield><marc:subfield code="v">Congresses.</marc:subfield></marc:datafield><marc:datafield tag="651" ind1=" " ind2="0"><marc:subfield code="a">America</marc:subfield><marc:subfield code="v">Congresses.</marc:subfield></marc:datafield><marc:datafield tag="035" ind1=" " ind2=" "><marc:subfield code="a">(TxDaGIAL)37741100019445</marc:subfield></marc:datafield><marc:controlfield tag="005">20080624154537.0</marc:controlfield><marc:controlfield tag="001">766</marc:controlfield><marc:controlfield tag="003">TxDaGIAL</marc:controlfield><marc:datafield tag="852" ind1=" " ind2=" "><marc:subfield code="p">37741100019445</marc:subfield><marc:subfield code="a">Library</marc:subfield><marc:subfield code="x">COPYID:865</marc:subfield><marc:subfield code="x">FSC@aRegular@c19970804</marc:subfield><marc:subfield code="h">970 I61 40 1972</marc:subfield></marc:datafield></marc:record>