
<marc:record><marc:leader>01016nam a2200241 i 4500</marc:leader>
<marc:controlfield tag="008">960603s1996    txua          000 0 eng d</marc:controlfield>
<marc:datafield tag="040" ind1=" " ind2=" "><marc:subfield code="a">TxDaGIAL</marc:subfield><marc:subfield code="c">TxDaGIAL</marc:subfield></marc:datafield><marc:datafield tag="100" ind1="1" ind2=" "><marc:subfield code="a">Cameron, Barbara Ann.</marc:subfield></marc:datafield><marc:datafield tag="245" ind1="1" ind2="3"><marc:subfield code="a">An attitude survey of Sierra Leone Krio /</marc:subfield><marc:subfield code="c">by Barbara Ann Cameron.</marc:subfield></marc:datafield><marc:datafield tag="260" ind1=" " ind2=" "><marc:subfield code="c">1996.</marc:subfield></marc:datafield><marc:datafield tag="300" ind1=" " ind2=" "><marc:subfield code="a">xvi, 161 leaves :</marc:subfield><marc:subfield code="b">ill. ;</marc:subfield><marc:subfield code="c">28 cm.</marc:subfield></marc:datafield><marc:datafield tag="502" ind1=" " ind2=" "><marc:subfield code="a">Thesis (M.A.)--University of Texas at Arlington, 1996.</marc:subfield></marc:datafield><marc:datafield tag="504" ind1=" " ind2=" "><marc:subfield code="a">Includes bibliographical references (leaves 153-161).</marc:subfield></marc:datafield><marc:datafield tag="650" ind1=" " ind2="0"><marc:subfield code="a">Krio language</marc:subfield><marc:subfield code="z">Sierra Leone.</marc:subfield></marc:datafield><marc:datafield tag="650" ind1=" " ind2="0"><marc:subfield code="a">Sociolinguistics</marc:subfield><marc:subfield code="z">Sierra Leone.</marc:subfield></marc:datafield><marc:datafield tag="650" ind1=" " ind2="0"><marc:subfield code="a">Creole dialects.</marc:subfield></marc:datafield><marc:datafield tag="610" ind1="2" ind2="0"><marc:subfield code="a">University of Texas at Arlington.</marc:subfield><marc:subfield code="b">Graduate School</marc:subfield><marc:subfield code="x">Thesis.</marc:subfield></marc:datafield><marc:datafield tag="035" ind1=" " ind2=" "><marc:subfield code="a">(TxDaGIAL)37741100011720</marc:subfield></marc:datafield><marc:controlfield tag="005">20080624154538.0</marc:controlfield><marc:controlfield tag="001">767</marc:controlfield><marc:controlfield tag="003">TxDaGIAL</marc:controlfield><marc:datafield tag="852" ind1=" " ind2=" "><marc:subfield code="p">37741100011720</marc:subfield><marc:subfield code="a">Library</marc:subfield><marc:subfield code="9">$0.00</marc:subfield><marc:subfield code="x">COPYID:866</marc:subfield><marc:subfield code="x">FSC@aRegular@c19960604</marc:subfield><marc:subfield code="h">306.4409664 C182a 1996</marc:subfield><marc:subfield code="z">author gift</marc:subfield></marc:datafield><marc:datafield tag="852" ind1=" " ind2=" "><marc:subfield code="p">37741100022520</marc:subfield><marc:subfield code="a">Library</marc:subfield><marc:subfield code="9">$0.00</marc:subfield><marc:subfield code="x">COPYID:867</marc:subfield><marc:subfield code="x">FSC@aRegular@c19981005</marc:subfield><marc:subfield code="h">306.4409664 C182a 1996</marc:subfield><marc:subfield code="z">Gift George &amp; Mary Huttar 6-97</marc:subfield></marc:datafield></marc:record>