
<marc:record><marc:leader>00916pam a2200277 i 4500</marc:leader>
<marc:controlfield tag="008">760519s1976    deua     b    00010 eng  </marc:controlfield>
<marc:datafield tag="010" ind1=" " ind2=" "><marc:subfield code="a">   76014476</marc:subfield></marc:datafield><marc:datafield tag="020" ind1=" " ind2=" "><marc:subfield code="a">0872072223</marc:subfield></marc:datafield><marc:datafield tag="040" ind1=" " ind2=" "><marc:subfield code="a">DLC</marc:subfield><marc:subfield code="c">DLC</marc:subfield><marc:subfield code="d">TxDaGIAL</marc:subfield></marc:datafield><marc:datafield tag="050" ind1="0" ind2=" "><marc:subfield code="a">LB1573</marc:subfield><marc:subfield code="b">.A42</marc:subfield></marc:datafield><marc:datafield tag="082" ind1=" " ind2=" "><marc:subfield code="a">372.4</marc:subfield></marc:datafield><marc:datafield tag="100" ind1="1" ind2="0"><marc:subfield code="a">Alexander, J. Estill.</marc:subfield></marc:datafield><marc:datafield tag="245" ind1="1" ind2="0"><marc:subfield code="a">Attitudes and reading /</marc:subfield><marc:subfield code="c">J. Estill Alexander and Ronald Claude Filler.</marc:subfield></marc:datafield><marc:datafield tag="260" ind1="0" ind2=" "><marc:subfield code="a">Newark, Del. :</marc:subfield><marc:subfield code="b">International Reading Association,</marc:subfield><marc:subfield code="c">c1976.</marc:subfield></marc:datafield><marc:datafield tag="300" ind1=" " ind2=" "><marc:subfield code="a">vi, 73 p. :</marc:subfield><marc:subfield code="b">ill. ;</marc:subfield><marc:subfield code="c">22 cm.</marc:subfield></marc:datafield><marc:datafield tag="440" ind1=" " ind2="0"><marc:subfield code="a">Reading aids series</marc:subfield></marc:datafield><marc:datafield tag="490" ind1="0" ind2=" "><marc:subfield code="a">An IRA service bulletin</marc:subfield></marc:datafield><marc:datafield tag="504" ind1=" " ind2=" "><marc:subfield code="a">Includes bibliographies.</marc:subfield></marc:datafield><marc:datafield tag="650" ind1=" " ind2="0"><marc:subfield code="a">Reading (Elementary)</marc:subfield></marc:datafield><marc:datafield tag="650" ind1=" " ind2="0"><marc:subfield code="a">Students</marc:subfield><marc:subfield code="x">Attitudes.</marc:subfield></marc:datafield><marc:datafield tag="700" ind1="1" ind2="0"><marc:subfield code="a">Filler, Ronald Claude,</marc:subfield><marc:subfield code="e">joint author.</marc:subfield></marc:datafield><marc:datafield tag="035" ind1=" " ind2=" "><marc:subfield code="a">(TxDaGIAL)37741100010066</marc:subfield></marc:datafield><marc:controlfield tag="005">20080624154538.0</marc:controlfield><marc:controlfield tag="001">769</marc:controlfield><marc:controlfield tag="003">TxDaGIAL</marc:controlfield><marc:datafield tag="852" ind1=" " ind2=" "><marc:subfield code="p">37741100010066</marc:subfield><marc:subfield code="a">Library</marc:subfield><marc:subfield code="x">COPYID:869</marc:subfield><marc:subfield code="x">FSC@aRegular@c19951208</marc:subfield><marc:subfield code="h">372.4 A375a 1976</marc:subfield><marc:subfield code="z">5750</marc:subfield></marc:datafield></marc:record>