
<marc:record><marc:leader>00997nam a2200289 a 4500</marc:leader>
<marc:controlfield tag="008">830601s1982    enk      b    00100 eng  </marc:controlfield>
<marc:datafield tag="010" ind1=" " ind2=" "><marc:subfield code="a">   82184938</marc:subfield></marc:datafield><marc:datafield tag="020" ind1=" " ind2=" "><marc:subfield code="a">0713161957 (pbk.) :</marc:subfield><marc:subfield code="c">7.50</marc:subfield></marc:datafield><marc:datafield tag="040" ind1=" " ind2=" "><marc:subfield code="a">DLC</marc:subfield><marc:subfield code="c">DLC</marc:subfield><marc:subfield code="d">DLC</marc:subfield><marc:subfield code="d">TxDaGIAL</marc:subfield></marc:datafield><marc:datafield tag="050" ind1="0" ind2=" "><marc:subfield code="a">P120.V37</marc:subfield><marc:subfield code="b">A87 1982</marc:subfield></marc:datafield><marc:datafield tag="082" ind1="0" ind2=" "><marc:subfield code="a">401/.9</marc:subfield><marc:subfield code="2">19</marc:subfield></marc:datafield><marc:datafield tag="245" ind1="0" ind2="0"><marc:subfield code="a">Attitudes towards language variation :</marc:subfield><marc:subfield code="b">social and applied contexts /</marc:subfield><marc:subfield code="c">edited by Ellen Bouchard Ryan and Howard Giles.</marc:subfield></marc:datafield><marc:datafield tag="260" ind1="0" ind2=" "><marc:subfield code="a">London :</marc:subfield><marc:subfield code="b">E. Arnold,</marc:subfield><marc:subfield code="c">1982.</marc:subfield></marc:datafield><marc:datafield tag="300" ind1=" " ind2=" "><marc:subfield code="a">xiv, 286 p. ;</marc:subfield><marc:subfield code="c">23 cm.</marc:subfield></marc:datafield><marc:datafield tag="440" ind1=" " ind2="0"><marc:subfield code="a">Social psychology of language ;</marc:subfield><marc:subfield code="v">1</marc:subfield></marc:datafield><marc:datafield tag="504" ind1=" " ind2=" "><marc:subfield code="a">Bibliography: p. 224-272.</marc:subfield></marc:datafield><marc:datafield tag="500" ind1=" " ind2=" "><marc:subfield code="a">Includes index.</marc:subfield></marc:datafield><marc:datafield tag="650" ind1=" " ind2="0"><marc:subfield code="a">Language and languages</marc:subfield><marc:subfield code="x">Variation.</marc:subfield></marc:datafield><marc:datafield tag="650" ind1=" " ind2="0"><marc:subfield code="a">Language awareness.</marc:subfield></marc:datafield><marc:datafield tag="650" ind1=" " ind2="0"><marc:subfield code="a">Attitude (Psychology)</marc:subfield></marc:datafield><marc:datafield tag="700" ind1="1" ind2="0"><marc:subfield code="a">Ryan, Ellen Bouchard.</marc:subfield></marc:datafield><marc:datafield tag="700" ind1="1" ind2="0"><marc:subfield code="a">Giles, Howard.</marc:subfield></marc:datafield><marc:datafield tag="035" ind1=" " ind2=" "><marc:subfield code="a">(TxDaGIAL)37741100001855</marc:subfield></marc:datafield><marc:controlfield tag="005">20080624154539.0</marc:controlfield><marc:controlfield tag="001">770</marc:controlfield><marc:controlfield tag="003">TxDaGIAL</marc:controlfield><marc:datafield tag="852" ind1=" " ind2=" "><marc:subfield code="p">37741100001855</marc:subfield><marc:subfield code="a">Library</marc:subfield><marc:subfield code="x">COPYID:870</marc:subfield><marc:subfield code="x">FSC@aRegular@c19950307</marc:subfield><marc:subfield code="h">306.44 A885r 1982</marc:subfield><marc:subfield code="z">9584</marc:subfield></marc:datafield></marc:record>