
<marc:record><marc:leader>00862nam a2200229 i 4500</marc:leader>
<marc:controlfield tag="008">900927s1974    be              1 0 fre  </marc:controlfield>
<marc:datafield tag="040" ind1=" " ind2=" "><marc:subfield code="a">CBGTU</marc:subfield><marc:subfield code="c">CBGTU</marc:subfield><marc:subfield code="d">TxDaGIAL</marc:subfield></marc:datafield><marc:datafield tag="100" ind1="1" ind2=" "><marc:subfield code="a">Radermakers, Jean.</marc:subfield></marc:datafield><marc:datafield tag="245" ind1="1" ind2="0"><marc:subfield code="a">Au fil de l'vangile selon saint Matthieu.</marc:subfield></marc:datafield><marc:datafield tag="250" ind1=" " ind2=" "><marc:subfield code="a">2nd ed., corrigee.</marc:subfield></marc:datafield><marc:datafield tag="260" ind1="0" ind2=" "><marc:subfield code="a">Bruxelles :</marc:subfield><marc:subfield code="b">Institut d'tudes thologiques,</marc:subfield><marc:subfield code="c">1974.</marc:subfield></marc:datafield><marc:datafield tag="300" ind1=" " ind2=" "><marc:subfield code="a">2 v. ;</marc:subfield><marc:subfield code="c">25 cm.</marc:subfield></marc:datafield><marc:datafield tag="546" ind1=" " ind2=" "><marc:subfield code="a">French.</marc:subfield></marc:datafield><marc:datafield tag="505" ind1="0" ind2=" "><marc:subfield code="a">1. Texte -- 2. Lecture.</marc:subfield></marc:datafield><marc:datafield tag="630" ind1="0" ind2="0"><marc:subfield code="a">Bible.</marc:subfield><marc:subfield code="p">N.T.</marc:subfield><marc:subfield code="p">Matthew</marc:subfield><marc:subfield code="x">Criticism, interpretation, etc.</marc:subfield></marc:datafield><marc:datafield tag="730" ind1="0" ind2="0"><marc:subfield code="a">Bible.</marc:subfield><marc:subfield code="p">N.T.</marc:subfield><marc:subfield code="p">Matthew.</marc:subfield><marc:subfield code="l">French.</marc:subfield><marc:subfield code="f">1972.</marc:subfield></marc:datafield><marc:datafield tag="035" ind1=" " ind2=" "><marc:subfield code="a">(TxDaGIAL)37741100017208</marc:subfield></marc:datafield><marc:controlfield tag="005">20080624154539.0</marc:controlfield><marc:controlfield tag="001">772</marc:controlfield><marc:controlfield tag="003">TxDaGIAL</marc:controlfield><marc:datafield tag="852" ind1=" " ind2=" "><marc:subfield code="p">37741100017208</marc:subfield><marc:subfield code="a">Library</marc:subfield><marc:subfield code="x">COPYID:872</marc:subfield><marc:subfield code="x">FSC@aRegular@c19970430</marc:subfield><marc:subfield code="h">226.206 R127 vol.1 1974</marc:subfield><marc:subfield code="z">7483</marc:subfield></marc:datafield><marc:datafield tag="852" ind1=" " ind2=" "><marc:subfield code="p">37741100017209</marc:subfield><marc:subfield code="a">Library</marc:subfield><marc:subfield code="x">COPYID:873</marc:subfield><marc:subfield code="x">FSC@aRegular@c19970430</marc:subfield><marc:subfield code="h">226.206 R127 vol.2 1974</marc:subfield><marc:subfield code="z">7484</marc:subfield></marc:datafield></marc:record>