
<marc:record><marc:leader>00798cam a2200229 a 4500</marc:leader>
<marc:controlfield tag="008">810521s1981    sz a          00010 eng  </marc:controlfield>
<marc:datafield tag="010" ind1=" " ind2=" "><marc:subfield code="a">   81009972 //r90</marc:subfield></marc:datafield><marc:datafield tag="020" ind1=" " ind2=" "><marc:subfield code="a">3764312599</marc:subfield></marc:datafield><marc:datafield tag="040" ind1=" " ind2=" "><marc:subfield code="a">DLC</marc:subfield><marc:subfield code="c">DLC</marc:subfield><marc:subfield code="d">DLC</marc:subfield></marc:datafield><marc:datafield tag="043" ind1=" " ind2=" "><marc:subfield code="a">s-ec---</marc:subfield></marc:datafield><marc:datafield tag="050" ind1="0" ind2="0"><marc:subfield code="a">F3126</marc:subfield><marc:subfield code="b">.B76 1981</marc:subfield></marc:datafield><marc:datafield tag="082" ind1="0" ind2="0"><marc:subfield code="a">980/.004/98</marc:subfield><marc:subfield code="2">19</marc:subfield></marc:datafield><marc:datafield tag="100" ind1="1" ind2="0"><marc:subfield code="a">Broennimann, Peter,</marc:subfield><marc:subfield code="d">1924-</marc:subfield></marc:datafield><marc:datafield tag="245" ind1="1" ind2="0"><marc:subfield code="a">Auca on the Cononaco :</marc:subfield><marc:subfield code="b">Indians of the Ecuadorian rain forest /</marc:subfield><marc:subfield code="c">text and photographs, Peter Broennimann.</marc:subfield></marc:datafield><marc:datafield tag="260" ind1="0" ind2=" "><marc:subfield code="a">Basel ;</marc:subfield><marc:subfield code="a">Boston :</marc:subfield><marc:subfield code="b">Birkhuser Publishers,</marc:subfield><marc:subfield code="c">c1981.</marc:subfield></marc:datafield><marc:datafield tag="300" ind1=" " ind2=" "><marc:subfield code="a">184 p. :</marc:subfield><marc:subfield code="b">ill. (some col.), map, ports. ;</marc:subfield><marc:subfield code="c">27 cm.</marc:subfield></marc:datafield><marc:datafield tag="650" ind1=" " ind2="0"><marc:subfield code="a">Huao Indians.</marc:subfield></marc:datafield><marc:datafield tag="035" ind1=" " ind2=" "><marc:subfield code="a">(TxDaGIAL)37741100008574</marc:subfield></marc:datafield><marc:controlfield tag="005">20080624154539.0</marc:controlfield><marc:controlfield tag="001">773</marc:controlfield><marc:controlfield tag="003">TxDaGIAL</marc:controlfield><marc:datafield tag="852" ind1=" " ind2=" "><marc:subfield code="p">37741100008574</marc:subfield><marc:subfield code="a">Library</marc:subfield><marc:subfield code="x">COPYID:874</marc:subfield><marc:subfield code="x">FSC@aRegular@c19951004</marc:subfield><marc:subfield code="h">980.00498 B865a 1981</marc:subfield><marc:subfield code="z">7939</marc:subfield></marc:datafield></marc:record>