
<marc:record><marc:leader>01052nam a2200289   4500</marc:leader>
<marc:controlfield tag="008">730625s1973    nyua          00000deng  </marc:controlfield>
<marc:datafield tag="010" ind1=" " ind2=" "><marc:subfield code="a">   72009873</marc:subfield></marc:datafield><marc:datafield tag="020" ind1=" " ind2=" "><marc:subfield code="a">006069212X :</marc:subfield><marc:subfield code="c">$4.95</marc:subfield></marc:datafield><marc:datafield tag="040" ind1=" " ind2=" "><marc:subfield code="a">DLC</marc:subfield><marc:subfield code="c">DLC</marc:subfield><marc:subfield code="d">TxDaGIAL</marc:subfield></marc:datafield><marc:datafield tag="043" ind1=" " ind2=" "><marc:subfield code="a">s-ec---</marc:subfield></marc:datafield><marc:datafield tag="050" ind1="0" ind2=" "><marc:subfield code="a">F3721.3.M6</marc:subfield><marc:subfield code="b">W34 1973</marc:subfield></marc:datafield><marc:datafield tag="082" ind1=" " ind2=" "><marc:subfield code="a">980.4/66</marc:subfield></marc:datafield><marc:datafield tag="100" ind1="1" ind2="0"><marc:subfield code="a">Wallis, Ethel Emily.</marc:subfield></marc:datafield><marc:datafield tag="245" ind1="1" ind2="0"><marc:subfield code="a">Aucas downriver :</marc:subfield><marc:subfield code="b">Dayuma's story today /</marc:subfield><marc:subfield code="c">Ethel Emily Wallis.</marc:subfield></marc:datafield><marc:datafield tag="250" ind1=" " ind2=" "><marc:subfield code="a">[1st ed.].</marc:subfield></marc:datafield><marc:datafield tag="260" ind1="0" ind2=" "><marc:subfield code="a">New York :</marc:subfield><marc:subfield code="b">Harper &amp; Row,</marc:subfield><marc:subfield code="c">c1973.</marc:subfield></marc:datafield><marc:datafield tag="300" ind1=" " ind2=" "><marc:subfield code="a">x, 126 p. :</marc:subfield><marc:subfield code="b">illus. ;</marc:subfield><marc:subfield code="c">22 cm.</marc:subfield></marc:datafield><marc:datafield tag="650" ind1=" " ind2="0"><marc:subfield code="a">Indians of South America</marc:subfield><marc:subfield code="z">Ecuador</marc:subfield><marc:subfield code="x">Missions.</marc:subfield></marc:datafield><marc:datafield tag="600" ind1="0" ind2="0"><marc:subfield code="a">Dayuma,</marc:subfield><marc:subfield code="c">Auca Indian.</marc:subfield></marc:datafield><marc:datafield tag="600" ind1="1" ind2="0"><marc:subfield code="a">Saint, Rachel.</marc:subfield></marc:datafield><marc:datafield tag="035" ind1=" " ind2=" "><marc:subfield code="a">(TxDaGIAL)37741100006702</marc:subfield></marc:datafield><marc:controlfield tag="005">20080624154539.0</marc:controlfield><marc:controlfield tag="001">774</marc:controlfield><marc:controlfield tag="003">TxDaGIAL</marc:controlfield><marc:datafield tag="852" ind1=" " ind2=" "><marc:subfield code="p">37741100006702</marc:subfield><marc:subfield code="a">Library</marc:subfield><marc:subfield code="x">COPYID:875</marc:subfield><marc:subfield code="x">FSC@aRegular@c19950811</marc:subfield><marc:subfield code="h">266.00986 W214a 1973</marc:subfield><marc:subfield code="z">6245</marc:subfield></marc:datafield><marc:datafield tag="852" ind1=" " ind2=" "><marc:subfield code="p">37741100006703</marc:subfield><marc:subfield code="a">Library</marc:subfield><marc:subfield code="x">COPYID:876</marc:subfield><marc:subfield code="x">FSC@aRegular@c19950811</marc:subfield><marc:subfield code="h">266.00986 W214a 1973</marc:subfield><marc:subfield code="z">6243</marc:subfield></marc:datafield><marc:datafield tag="852" ind1=" " ind2=" "><marc:subfield code="p">37741100006704</marc:subfield><marc:subfield code="a">Library</marc:subfield><marc:subfield code="x">COPYID:877</marc:subfield><marc:subfield code="x">FSC@aRegular@c19950811</marc:subfield><marc:subfield code="h">266.00986 W214a 1973</marc:subfield><marc:subfield code="z">6244</marc:subfield></marc:datafield></marc:record>