
<marc:record><marc:leader>01129nam a2200241 a 4500</marc:leader>
<marc:controlfield tag="008">931229q19701978okua     bf   001 0 eng d</marc:controlfield>
<marc:datafield tag="040" ind1=" " ind2=" "><marc:subfield code="a">TxDaGIAL</marc:subfield><marc:subfield code="c">TxDaGIAL</marc:subfield></marc:datafield><marc:datafield tag="050" ind1="0" ind2="0"><marc:subfield code="a">P93.5</marc:subfield><marc:subfield code="b">.P46</marc:subfield></marc:datafield><marc:datafield tag="082" ind1="0" ind2="4"><marc:subfield code="a">371.33</marc:subfield><marc:subfield code="2">20</marc:subfield></marc:datafield><marc:datafield tag="100" ind1="1" ind2=" "><marc:subfield code="a">Pett, Dennis W.</marc:subfield></marc:datafield><marc:datafield tag="245" ind1="1" ind2="0"><marc:subfield code="a">Audio-visual communication handbook /</marc:subfield><marc:subfield code="c">compiled and edited by Dennis W. Pett ; editing, Beryl B. Blain, Paul Turk ; content, Beryl B. Blain ... [et al.] ; illustration, Nona L. Hengen, Gary Simmons.</marc:subfield></marc:datafield><marc:datafield tag="260" ind1=" " ind2=" "><marc:subfield code="a">Oklahoma City, Okla. :</marc:subfield><marc:subfield code="b">World Neighbors Overseas Development Materials,</marc:subfield><marc:subfield code="c">[between 1970 and 1978]</marc:subfield></marc:datafield><marc:datafield tag="300" ind1=" " ind2=" "><marc:subfield code="a">125 p. :</marc:subfield><marc:subfield code="b">ill. ;</marc:subfield><marc:subfield code="c">19 x 22 cm.</marc:subfield></marc:datafield><marc:datafield tag="500" ind1=" " ind2=" "><marc:subfield code="a">Originally published: Bloomington, Ind. : Audio Visual Center, Indiana University, 1968? Peace Corps contract 25-1707.</marc:subfield></marc:datafield><marc:datafield tag="504" ind1=" " ind2=" "><marc:subfield code="a">Includes bibliographical references (p. 121-123) and index.</marc:subfield></marc:datafield><marc:datafield tag="650" ind1=" " ind2="0"><marc:subfield code="a">Communication</marc:subfield><marc:subfield code="x">Audio-visual aids</marc:subfield><marc:subfield code="v">Handbooks, manuals, etc.</marc:subfield></marc:datafield><marc:datafield tag="700" ind1="1" ind2="0"><marc:subfield code="a">Blain, Beryl B.</marc:subfield></marc:datafield><marc:datafield tag="700" ind1="1" ind2="0"><marc:subfield code="a">Turk, Paul.</marc:subfield></marc:datafield><marc:datafield tag="035" ind1=" " ind2=" "><marc:subfield code="a">(TxDaGIAL)37741100008571</marc:subfield></marc:datafield><marc:controlfield tag="005">20080624154540.0</marc:controlfield><marc:controlfield tag="001">776</marc:controlfield><marc:controlfield tag="003">TxDaGIAL</marc:controlfield><marc:datafield tag="852" ind1=" " ind2=" "><marc:subfield code="p">37741100008571</marc:subfield><marc:subfield code="a">Library</marc:subfield><marc:subfield code="x">COPYID:879</marc:subfield><marc:subfield code="x">FSC@aRegular@c19950928</marc:subfield><marc:subfield code="h">371.33 P499a 1970</marc:subfield><marc:subfield code="z">2089</marc:subfield></marc:datafield></marc:record>