
<marc:record><marc:leader>00996cam a2200301 i 4500</marc:leader>
<marc:controlfield tag="008">751030s1976    mdua     b    00110 eng  </marc:controlfield>
<marc:datafield tag="010" ind1=" " ind2=" "><marc:subfield code="a">   75037782</marc:subfield></marc:datafield><marc:datafield tag="020" ind1=" " ind2=" "><marc:subfield code="a">0839107730</marc:subfield></marc:datafield><marc:datafield tag="040" ind1=" " ind2=" "><marc:subfield code="a">DLC</marc:subfield><marc:subfield code="c">DLC</marc:subfield></marc:datafield><marc:datafield tag="050" ind1="0" ind2=" "><marc:subfield code="a">BF251</marc:subfield><marc:subfield code="b">.E37</marc:subfield></marc:datafield><marc:datafield tag="060" ind1=" " ind2=" "><marc:subfield code="a">WV270 E36a</marc:subfield></marc:datafield><marc:datafield tag="082" ind1=" " ind2=" "><marc:subfield code="a">612/.85</marc:subfield></marc:datafield><marc:datafield tag="100" ind1="1" ind2="0"><marc:subfield code="a">Eisenberg, Rita B.</marc:subfield></marc:datafield><marc:datafield tag="245" ind1="1" ind2="0"><marc:subfield code="a">Auditory competence in early life :</marc:subfield><marc:subfield code="b">the roots of communicative behavior /</marc:subfield><marc:subfield code="c">Rita B. Eisenberg.</marc:subfield></marc:datafield><marc:datafield tag="260" ind1="0" ind2=" "><marc:subfield code="a">Baltimore :</marc:subfield><marc:subfield code="b">University Park Press,</marc:subfield><marc:subfield code="c">c1976.</marc:subfield></marc:datafield><marc:datafield tag="300" ind1=" " ind2=" "><marc:subfield code="a">xxvi, 314 p. :</marc:subfield><marc:subfield code="b">ill. ;</marc:subfield><marc:subfield code="c">24 cm.</marc:subfield></marc:datafield><marc:datafield tag="504" ind1=" " ind2=" "><marc:subfield code="a">Bibliography: p. 159-219.</marc:subfield></marc:datafield><marc:datafield tag="500" ind1=" " ind2=" "><marc:subfield code="a">Includes index.</marc:subfield></marc:datafield><marc:datafield tag="650" ind1=" " ind2="0"><marc:subfield code="a">Auditory perception in children.</marc:subfield></marc:datafield><marc:datafield tag="650" ind1=" " ind2="0"><marc:subfield code="a">Infants (Newborn)</marc:subfield></marc:datafield><marc:datafield tag="650" ind1=" " ind2="0"><marc:subfield code="a">Psychoacoustics.</marc:subfield></marc:datafield><marc:datafield tag="650" ind1=" " ind2="0"><marc:subfield code="a">Developmental psychobiology.</marc:subfield></marc:datafield><marc:datafield tag="650" ind1=" " ind2="2"><marc:subfield code="a">Auditory perception</marc:subfield><marc:subfield code="x">In infancy and childhood.</marc:subfield></marc:datafield><marc:datafield tag="035" ind1=" " ind2=" "><marc:subfield code="a">(TxDaGIAL)37741100005382</marc:subfield></marc:datafield><marc:controlfield tag="005">20080624154540.0</marc:controlfield><marc:controlfield tag="001">777</marc:controlfield><marc:controlfield tag="003">TxDaGIAL</marc:controlfield><marc:datafield tag="852" ind1=" " ind2=" "><marc:subfield code="p">37741100005382</marc:subfield><marc:subfield code="a">Library</marc:subfield><marc:subfield code="x">COPYID:880</marc:subfield><marc:subfield code="x">FSC@aRegular@c19950630</marc:subfield><marc:subfield code="h">612.85 E36a 1976</marc:subfield><marc:subfield code="z">4911</marc:subfield></marc:datafield></marc:record>