
<marc:record><marc:leader>00534cam a22001457i 4500</marc:leader>
<marc:controlfield tag="008">721027|1972||||inu|||| ||||||0|0|0|eng|d</marc:controlfield>
<marc:datafield tag="035" ind1=" " ind2=" "><marc:subfield code="a">ILNGABF3544-B</marc:subfield></marc:datafield><marc:datafield tag="100" ind1="1" ind2="0"><marc:subfield code="a">Weintraub, Samuel.</marc:subfield></marc:datafield><marc:datafield tag="245" ind1="1" ind2="0"><marc:subfield code="a">Auditory perception and deafness /</marc:subfield><marc:subfield code="c">compiled by Samuel Weintraub.</marc:subfield></marc:datafield><marc:datafield tag="260" ind1="0" ind2=" "><marc:subfield code="a">Newark, Delaware :</marc:subfield><marc:subfield code="b">International Reading Association,</marc:subfield><marc:subfield code="c">1972.</marc:subfield></marc:datafield><marc:datafield tag="035" ind1=" " ind2=" "><marc:subfield code="a">(TxDaGIAL)37741100013252</marc:subfield></marc:datafield><marc:controlfield tag="005">20080624154540.0</marc:controlfield><marc:controlfield tag="001">778</marc:controlfield><marc:controlfield tag="003">TxDaGIAL</marc:controlfield><marc:datafield tag="852" ind1=" " ind2=" "><marc:subfield code="p">37741100013252</marc:subfield><marc:subfield code="a">Library</marc:subfield><marc:subfield code="9">$0.00</marc:subfield><marc:subfield code="x">COPYID:881</marc:subfield><marc:subfield code="x">FSC@aRegular@c19960916</marc:subfield><marc:subfield code="h">152.15 W424a 1972</marc:subfield><marc:subfield code="z">gift S. Gudschinsky</marc:subfield></marc:datafield></marc:record>