
<marc:record><marc:leader>00649nam a22001937a 4500</marc:leader>
<marc:controlfield tag="008">970428s1980    at ab         000 0 paa d</marc:controlfield>
<marc:datafield tag="020" ind1=" " ind2=" "><marc:subfield code="a">0727222341</marc:subfield></marc:datafield><marc:datafield tag="040" ind1=" " ind2=" "><marc:subfield code="a">TxDaGIAL</marc:subfield><marc:subfield code="c">TxDaGIAL</marc:subfield></marc:datafield><marc:datafield tag="041" ind1="0" ind2=" "><marc:subfield code="a">paa</marc:subfield></marc:datafield><marc:datafield tag="130" ind1="0" ind2=" "><marc:subfield code="a">Bible.</marc:subfield><marc:subfield code="p">N.T.</marc:subfield><marc:subfield code="l">Usarufa.</marc:subfield><marc:subfield code="f">1980.</marc:subfield></marc:datafield><marc:datafield tag="245" ind1="1" ind2="0"><marc:subfield code="a">Agen-anona-anon-aimma :</marc:subfield><marc:subfield code="b">the New Testament, Usarufa language.</marc:subfield></marc:datafield><marc:datafield tag="260" ind1=" " ind2=" "><marc:subfield code="a">Victoria, Australia :</marc:subfield><marc:subfield code="b">Wycliffe Bible Translators,</marc:subfield><marc:subfield code="c">1980.</marc:subfield></marc:datafield><marc:datafield tag="300" ind1=" " ind2=" "><marc:subfield code="a">998 p. :</marc:subfield><marc:subfield code="b">ill., maps ;</marc:subfield><marc:subfield code="c">21 cm.</marc:subfield></marc:datafield><marc:datafield tag="035" ind1=" " ind2=" "><marc:subfield code="a">(TxDaGIAL)37741100017163</marc:subfield></marc:datafield><marc:datafield tag="590" ind1=" " ind2=" "><marc:subfield code="l">usa</marc:subfield><marc:subfield code="2">ISO 639-3</marc:subfield></marc:datafield><marc:controlfield tag="005">20081217192334.0</marc:controlfield><marc:controlfield tag="001">779</marc:controlfield><marc:controlfield tag="003">TxDaGIAL</marc:controlfield><marc:datafield tag="852" ind1=" " ind2=" "><marc:subfield code="p">37741100017163</marc:subfield><marc:subfield code="a">Library</marc:subfield><marc:subfield code="x">COPYID:882</marc:subfield><marc:subfield code="x">FSC@aRegular@c19970429</marc:subfield><marc:subfield code="h">225.599127 U84 1980</marc:subfield><marc:subfield code="z">8686</marc:subfield></marc:datafield></marc:record>