
<marc:record><marc:leader>00861cam a2200241 i 4500</marc:leader>
<marc:controlfield tag="008">860422s1970    nyu      b    00010 eng  </marc:controlfield>
<marc:datafield tag="010" ind1=" " ind2=" "><marc:subfield code="a">   73109065 //r932</marc:subfield></marc:datafield><marc:datafield tag="020" ind1=" " ind2=" "><marc:subfield code="c">$10.00</marc:subfield></marc:datafield><marc:datafield tag="040" ind1=" " ind2=" "><marc:subfield code="a">DLC</marc:subfield><marc:subfield code="c">DLC</marc:subfield><marc:subfield code="d">DLC</marc:subfield></marc:datafield><marc:datafield tag="050" ind1="0" ind2="0"><marc:subfield code="a">BR165</marc:subfield><marc:subfield code="b">.G66 1970</marc:subfield></marc:datafield><marc:datafield tag="082" ind1="0" ind2="0"><marc:subfield code="a">281/.1</marc:subfield></marc:datafield><marc:datafield tag="100" ind1="1" ind2="0"><marc:subfield code="a">Grant, Robert McQueen,</marc:subfield><marc:subfield code="d">1917-</marc:subfield></marc:datafield><marc:datafield tag="245" ind1="1" ind2="0"><marc:subfield code="a">Augustus to Constantine :</marc:subfield><marc:subfield code="b">the thrust of the Christian movement into the Roman world /</marc:subfield><marc:subfield code="c">[by] Robert M. Grant.</marc:subfield></marc:datafield><marc:datafield tag="250" ind1=" " ind2=" "><marc:subfield code="a">[1st ed.].</marc:subfield></marc:datafield><marc:datafield tag="260" ind1="0" ind2=" "><marc:subfield code="a">New York :</marc:subfield><marc:subfield code="b">Harper &amp; Row,</marc:subfield><marc:subfield code="c">[1970]</marc:subfield></marc:datafield><marc:datafield tag="300" ind1=" " ind2=" "><marc:subfield code="a">xiv, 334 p. :</marc:subfield><marc:subfield code="b">ports. ;</marc:subfield><marc:subfield code="c">25 cm.</marc:subfield></marc:datafield><marc:datafield tag="504" ind1=" " ind2=" "><marc:subfield code="a">Includes bibliographical references.</marc:subfield></marc:datafield><marc:datafield tag="650" ind1=" " ind2="0"><marc:subfield code="a">Church history</marc:subfield><marc:subfield code="y">Primitive and early church, ca. 30-600.</marc:subfield></marc:datafield><marc:datafield tag="035" ind1=" " ind2=" "><marc:subfield code="a">(TxDaGIAL)37741100000843</marc:subfield></marc:datafield><marc:controlfield tag="005">20080624154540.0</marc:controlfield><marc:controlfield tag="001">780</marc:controlfield><marc:controlfield tag="003">TxDaGIAL</marc:controlfield><marc:datafield tag="852" ind1=" " ind2=" "><marc:subfield code="p">37741100000843</marc:subfield><marc:subfield code="a">Library</marc:subfield><marc:subfield code="9">$10.00</marc:subfield><marc:subfield code="x">COPYID:883</marc:subfield><marc:subfield code="x">FSC@aRegular@c19941230</marc:subfield><marc:subfield code="h">281.1 G762a 1970</marc:subfield><marc:subfield code="z">13773</marc:subfield></marc:datafield></marc:record>