
<marc:record><marc:leader>00582nam a22001457a 4500</marc:leader>
<marc:controlfield tag="008">820903 1964    ja            000 0 eng  </marc:controlfield>
<marc:datafield tag="040" ind1=" " ind2=" "><marc:subfield code="a">TxDaGIAL</marc:subfield><marc:subfield code="c">TxDaGIAL</marc:subfield></marc:datafield><marc:datafield tag="245" ind1="0" ind2="0"><marc:subfield code="a">Aural-oral training in the teaching of English in primary and lower secondary schools, interim report.</marc:subfield></marc:datafield><marc:datafield tag="260" ind1="0" ind2=" "><marc:subfield code="a">Tokyo, Japan :</marc:subfield><marc:subfield code="b">Modern Language Institute, Tokyo University of Education,</marc:subfield><marc:subfield code="c">1963-64.</marc:subfield></marc:datafield><marc:datafield tag="300" ind1=" " ind2=" "><marc:subfield code="a">vi, 74 p. :</marc:subfield><marc:subfield code="b">ill. ;</marc:subfield><marc:subfield code="c">26 cm.</marc:subfield></marc:datafield><marc:datafield tag="035" ind1=" " ind2=" "><marc:subfield code="a">(TxDaGIAL)37741100020182</marc:subfield></marc:datafield><marc:controlfield tag="005">20080624154540.0</marc:controlfield><marc:controlfield tag="001">781</marc:controlfield><marc:controlfield tag="003">TxDaGIAL</marc:controlfield><marc:datafield tag="852" ind1=" " ind2=" "><marc:subfield code="p">37741100020182</marc:subfield><marc:subfield code="a">Library</marc:subfield><marc:subfield code="x">COPYID:884</marc:subfield><marc:subfield code="x">FSC@aRegular@c19970912</marc:subfield><marc:subfield code="h">428.007052 R425 1964</marc:subfield></marc:datafield></marc:record>