
<marc:record><marc:leader>00748nam a22002291  4500</marc:leader>
<marc:controlfield tag="008">700820s1968    nyu           00010 eng  </marc:controlfield>
<marc:datafield tag="010" ind1=" " ind2=" "><marc:subfield code="a">   68011613</marc:subfield></marc:datafield><marc:datafield tag="040" ind1=" " ind2=" "><marc:subfield code="a">DLC</marc:subfield><marc:subfield code="c">DLC</marc:subfield><marc:subfield code="d">TxDaGIAL</marc:subfield></marc:datafield><marc:datafield tag="041" ind1="0" ind2=" "><marc:subfield code="a">engger</marc:subfield></marc:datafield><marc:datafield tag="050" ind1="0" ind2=" "><marc:subfield code="a">PF3117</marc:subfield><marc:subfield code="b">.R49</marc:subfield></marc:datafield><marc:datafield tag="082" ind1=" " ind2=" "><marc:subfield code="a">438.6/4/2</marc:subfield></marc:datafield><marc:datafield tag="100" ind1="1" ind2="0"><marc:subfield code="a">Richmond, Garland C.,</marc:subfield><marc:subfield code="e">comp.</marc:subfield></marc:datafield><marc:datafield tag="245" ind1="1" ind2="0"><marc:subfield code="a">Auslese /</marc:subfield><marc:subfield code="c">[by] Garland C. Richmond [and] George H. Kirby.</marc:subfield></marc:datafield><marc:datafield tag="260" ind1="0" ind2=" "><marc:subfield code="a">New York :</marc:subfield><marc:subfield code="b">McGraw-Hill,</marc:subfield><marc:subfield code="c">[1968]</marc:subfield></marc:datafield><marc:datafield tag="300" ind1=" " ind2=" "><marc:subfield code="a">xiv, 368 p. ;</marc:subfield><marc:subfield code="c">24 cm.</marc:subfield></marc:datafield><marc:datafield tag="650" ind1=" " ind2="0"><marc:subfield code="a">German language</marc:subfield><marc:subfield code="v">Readers.</marc:subfield></marc:datafield><marc:datafield tag="700" ind1="1" ind2="0"><marc:subfield code="a">Kirby, George H.</marc:subfield><marc:subfield code="q">(George Hall),</marc:subfield><marc:subfield code="d">1929-</marc:subfield><marc:subfield code="e">joint comp.</marc:subfield></marc:datafield><marc:datafield tag="035" ind1=" " ind2=" "><marc:subfield code="a">(TxDaGIAL)37741100007283</marc:subfield></marc:datafield><marc:controlfield tag="005">20080624154541.0</marc:controlfield><marc:controlfield tag="001">782</marc:controlfield><marc:controlfield tag="003">TxDaGIAL</marc:controlfield><marc:datafield tag="852" ind1=" " ind2=" "><marc:subfield code="p">37741100007283</marc:subfield><marc:subfield code="a">Library</marc:subfield><marc:subfield code="x">COPYID:885</marc:subfield><marc:subfield code="x">FSC@aRegular@c19950825</marc:subfield><marc:subfield code="h">438.642 R532a 1968</marc:subfield><marc:subfield code="z">10102</marc:subfield></marc:datafield></marc:record>