
<marc:record><marc:leader>01067nam a2200265 i 4500</marc:leader>
<marc:controlfield tag="008">871001s1960    enkabd   b    00110 eng d</marc:controlfield>
<marc:datafield tag="035" ind1=" " ind2=" "><marc:subfield code="a">(CU-UC)4434477</marc:subfield></marc:datafield><marc:datafield tag="040" ind1=" " ind2=" "><marc:subfield code="a">MnStclS</marc:subfield><marc:subfield code="c">MnStclS</marc:subfield><marc:subfield code="d">FTaSU</marc:subfield><marc:subfield code="d">CStRLIN</marc:subfield><marc:subfield code="d">CU-SB</marc:subfield></marc:datafield><marc:datafield tag="043" ind1=" " ind2=" "><marc:subfield code="a">po-----</marc:subfield><marc:subfield code="a">u-at---</marc:subfield><marc:subfield code="a">u-nz---</marc:subfield></marc:datafield><marc:datafield tag="100" ind1="1" ind2="0"><marc:subfield code="a">Robinson, Kathleen West.</marc:subfield></marc:datafield><marc:datafield tag="245" ind1="1" ind2="0"><marc:subfield code="a">Australia, New Zealand and the Southwest Pacific /</marc:subfield><marc:subfield code="c">[by] K. W. Robinson.</marc:subfield></marc:datafield><marc:datafield tag="260" ind1="0" ind2=" "><marc:subfield code="a">London :</marc:subfield><marc:subfield code="b">University of London Press,</marc:subfield><marc:subfield code="c">c1960.</marc:subfield></marc:datafield><marc:datafield tag="300" ind1=" " ind2=" "><marc:subfield code="a">340 p. :</marc:subfield><marc:subfield code="b">illus., maps. charts.</marc:subfield></marc:datafield><marc:datafield tag="490" ind1="1" ind2=" "><marc:subfield code="a">Unstead, John Frederick, 1876-, ed. A systematic regional geography ;</marc:subfield><marc:subfield code="v">v. 4</marc:subfield></marc:datafield><marc:datafield tag="504" ind1=" " ind2=" "><marc:subfield code="a">Bibliography : p. 322-331.</marc:subfield></marc:datafield><marc:datafield tag="546" ind1=" " ind2=" "><marc:subfield code="a">English.</marc:subfield></marc:datafield><marc:datafield tag="651" ind1=" " ind2="0"><marc:subfield code="a">Oceania</marc:subfield><marc:subfield code="x">Description and travel.</marc:subfield></marc:datafield><marc:datafield tag="651" ind1=" " ind2="0"><marc:subfield code="a">Australia</marc:subfield><marc:subfield code="x">Description and travel.</marc:subfield></marc:datafield><marc:datafield tag="651" ind1=" " ind2="0"><marc:subfield code="a">New Zealand</marc:subfield><marc:subfield code="x">Description and travel.</marc:subfield></marc:datafield><marc:datafield tag="800" ind1="1" ind2=" "><marc:subfield code="a">Unstead, J. F.</marc:subfield><marc:subfield code="q">(John Frederick),</marc:subfield><marc:subfield code="d">1876-</marc:subfield><marc:subfield code="t">Systematic regional geography,</marc:subfield><marc:subfield code="v">v. 4.</marc:subfield><marc:subfield code="e">ed.</marc:subfield></marc:datafield><marc:datafield tag="035" ind1=" " ind2=" "><marc:subfield code="a">(TxDaGIAL)37741100015327</marc:subfield></marc:datafield><marc:controlfield tag="005">20080624154541.0</marc:controlfield><marc:controlfield tag="001">783</marc:controlfield><marc:controlfield tag="003">TxDaGIAL</marc:controlfield><marc:datafield tag="852" ind1=" " ind2=" "><marc:subfield code="p">37741100015327</marc:subfield><marc:subfield code="a">Library</marc:subfield><marc:subfield code="x">COPYID:886</marc:subfield><marc:subfield code="x">FSC@aRegular@c19970224</marc:subfield><marc:subfield code="h">919 R662a 1960</marc:subfield><marc:subfield code="z">5616</marc:subfield></marc:datafield></marc:record>