
<marc:record><marc:leader>00994cam a2200265 i 4500</marc:leader>
<marc:controlfield tag="008">800325m19799999at       b    00010 eng  </marc:controlfield>
<marc:datafield tag="010" ind1=" " ind2=" "><marc:subfield code="a">   80462200 //r85</marc:subfield></marc:datafield><marc:datafield tag="015" ind1=" " ind2=" "><marc:subfield code="a">Aus***</marc:subfield></marc:datafield><marc:datafield tag="020" ind1=" " ind2=" "><marc:subfield code="a">0868921912 (v. 1)</marc:subfield></marc:datafield><marc:datafield tag="041" ind1="0" ind2=" "><marc:subfield code="a">engcrp</marc:subfield></marc:datafield><marc:datafield tag="050" ind1="0" ind2=" "><marc:subfield code="a">PM7874.A9</marc:subfield><marc:subfield code="b">S26</marc:subfield></marc:datafield><marc:datafield tag="082" ind1=" " ind2=" "><marc:subfield code="a">427/.99429</marc:subfield></marc:datafield><marc:datafield tag="100" ind1="1" ind2="0"><marc:subfield code="a">Sandefur, John R.</marc:subfield></marc:datafield><marc:datafield tag="245" ind1="1" ind2="3"><marc:subfield code="a">An Australian creole in the northern territory :</marc:subfield><marc:subfield code="b">a description of Ngukurr-Bamyili dialects /</marc:subfield><marc:subfield code="c">John R. Sandefur.</marc:subfield></marc:datafield><marc:datafield tag="260" ind1="0" ind2=" "><marc:subfield code="a">Darwin [Australia] :</marc:subfield><marc:subfield code="b">Summer Institute of Linguistics, Australian Aborigines Branch,</marc:subfield><marc:subfield code="c">1979-</marc:subfield></marc:datafield><marc:datafield tag="300" ind1=" " ind2=" "><marc:subfield code="a">v. :</marc:subfield><marc:subfield code="b">maps ;</marc:subfield><marc:subfield code="c">25 cm.</marc:subfield></marc:datafield><marc:datafield tag="490" ind1="1" ind2=" "><marc:subfield code="a">Work papers of SIL-AAB : Series B ; v. 3</marc:subfield></marc:datafield><marc:datafield tag="504" ind1=" " ind2=" "><marc:subfield code="a">Includes bibliographies.</marc:subfield></marc:datafield><marc:datafield tag="650" ind1=" " ind2="0"><marc:subfield code="a">Creole dialects, English</marc:subfield><marc:subfield code="z">Australia</marc:subfield><marc:subfield code="z">Northern Territory.</marc:subfield></marc:datafield><marc:datafield tag="830" ind1=" " ind2="0"><marc:subfield code="a">Work papers of SIL-AAB.</marc:subfield><marc:subfield code="n">Series B ;</marc:subfield><marc:subfield code="v">v. 3.</marc:subfield></marc:datafield><marc:datafield tag="035" ind1=" " ind2=" "><marc:subfield code="a">(TxDaGIAL)37741100011019</marc:subfield></marc:datafield><marc:controlfield tag="005">20080624154541.0</marc:controlfield><marc:controlfield tag="001">784</marc:controlfield><marc:controlfield tag="003">TxDaGIAL</marc:controlfield><marc:datafield tag="852" ind1=" " ind2=" "><marc:subfield code="p">37741100011019</marc:subfield><marc:subfield code="a">Library</marc:subfield><marc:subfield code="x">COPYID:887</marc:subfield><marc:subfield code="x">FSC@aRegular@c19960503</marc:subfield><marc:subfield code="h">427.99429 S214a 1979</marc:subfield></marc:datafield></marc:record>