
<marc:record><marc:leader>00960cam a2200253 a 4500</marc:leader>
<marc:controlfield tag="008">830707s1981    at a     b    00000 eng  </marc:controlfield>
<marc:datafield tag="010" ind1=" " ind2=" "><marc:subfield code="a">   82195110 //r91</marc:subfield></marc:datafield><marc:datafield tag="020" ind1=" " ind2=" "><marc:subfield code="a">0868922269 (pbk.) :</marc:subfield><marc:subfield code="c">$6.50</marc:subfield></marc:datafield><marc:datafield tag="040" ind1=" " ind2=" "><marc:subfield code="a">DLC</marc:subfield><marc:subfield code="c">DLC</marc:subfield><marc:subfield code="d">DLC</marc:subfield><marc:subfield code="d">OCoLC</marc:subfield></marc:datafield><marc:datafield tag="050" ind1="0" ind2="0"><marc:subfield code="a">PL7003</marc:subfield><marc:subfield code="b">.A82 1981</marc:subfield></marc:datafield><marc:datafield tag="082" ind1="0" ind2="0"><marc:subfield code="a">499/.15</marc:subfield><marc:subfield code="2">19</marc:subfield></marc:datafield><marc:datafield tag="245" ind1="0" ind2="0"><marc:subfield code="a">Australian phonologies, collected papers /</marc:subfield><marc:subfield code="c">editor, Bruce Waters.</marc:subfield></marc:datafield><marc:datafield tag="260" ind1="0" ind2=" "><marc:subfield code="a">Darwin :</marc:subfield><marc:subfield code="b">Summer Institute of Linguistics, Australian Aborigines Branch,</marc:subfield><marc:subfield code="c">1981.</marc:subfield></marc:datafield><marc:datafield tag="300" ind1=" " ind2=" "><marc:subfield code="a">xiii, 269 p. :</marc:subfield><marc:subfield code="b">ill. ;</marc:subfield><marc:subfield code="c">26 cm.</marc:subfield></marc:datafield><marc:datafield tag="440" ind1=" " ind2="0"><marc:subfield code="a">Work papers of SIL-AAB.</marc:subfield><marc:subfield code="n">Series A. ;</marc:subfield><marc:subfield code="v">v. 5</marc:subfield></marc:datafield><marc:datafield tag="504" ind1=" " ind2=" "><marc:subfield code="a">Includes bibliographical references.</marc:subfield></marc:datafield><marc:datafield tag="650" ind1=" " ind2="0"><marc:subfield code="a">Australian languages</marc:subfield><marc:subfield code="x">Phonology.</marc:subfield></marc:datafield><marc:datafield tag="650" ind1=" " ind2="0"><marc:subfield code="a">Australian languages</marc:subfield><marc:subfield code="x">Orthography and spelling.</marc:subfield></marc:datafield><marc:datafield tag="700" ind1="1" ind2="0"><marc:subfield code="a">Waters, Bruce.</marc:subfield></marc:datafield><marc:datafield tag="035" ind1=" " ind2=" "><marc:subfield code="a">(TxDaGIAL)37741100010950</marc:subfield></marc:datafield><marc:controlfield tag="005">20080624154542.0</marc:controlfield><marc:controlfield tag="001">786</marc:controlfield><marc:controlfield tag="003">TxDaGIAL</marc:controlfield><marc:datafield tag="852" ind1=" " ind2=" "><marc:subfield code="p">37741100010950</marc:subfield><marc:subfield code="a">Library</marc:subfield><marc:subfield code="x">COPYID:889</marc:subfield><marc:subfield code="x">FSC@aRegular@c19960410</marc:subfield><marc:subfield code="h">499.15 A938wu 1981</marc:subfield><marc:subfield code="z">Standing order 8536</marc:subfield></marc:datafield></marc:record>