
<marc:record><marc:leader>01148nam a2200301 i 4500</marc:leader>
<marc:controlfield tag="008">780627s1975    ctu      b    00010 eng  </marc:controlfield>
<marc:datafield tag="010" ind1=" " ind2=" "><marc:subfield code="a">   67030152</marc:subfield></marc:datafield><marc:datafield tag="020" ind1=" " ind2=" "><marc:subfield code="a">0875363237</marc:subfield></marc:datafield><marc:datafield tag="040" ind1=" " ind2=" "><marc:subfield code="a">DLC</marc:subfield><marc:subfield code="c">DLC</marc:subfield><marc:subfield code="d">TxDaGIAL</marc:subfield></marc:datafield><marc:datafield tag="041" ind1="0" ind2=" "><marc:subfield code="a">engund</marc:subfield></marc:datafield><marc:datafield tag="050" ind1="0" ind2=" "><marc:subfield code="a">PL5027</marc:subfield><marc:subfield code="b">.B4</marc:subfield></marc:datafield><marc:datafield tag="082" ind1=" " ind2=" "><marc:subfield code="a">499/.2</marc:subfield></marc:datafield><marc:datafield tag="100" ind1="1" ind2="0"><marc:subfield code="a">Benedict, Paul K.</marc:subfield></marc:datafield><marc:datafield tag="245" ind1="1" ind2="0"><marc:subfield code="a">Austro-Thai language and culture, with a glossary of roots /</marc:subfield><marc:subfield code="c">Paul K. Benedict ; with a foreword by Ward H. Goodenough.</marc:subfield></marc:datafield><marc:datafield tag="260" ind1="0" ind2=" "><marc:subfield code="a">[New Haven] :</marc:subfield><marc:subfield code="b">HRAF Press,</marc:subfield><marc:subfield code="c">1975.</marc:subfield></marc:datafield><marc:datafield tag="300" ind1=" " ind2=" "><marc:subfield code="a">xxiv, 490 p. :</marc:subfield><marc:subfield code="b">map ;</marc:subfield><marc:subfield code="c">23 cm.</marc:subfield></marc:datafield><marc:datafield tag="504" ind1=" " ind2=" "><marc:subfield code="a">Bibliography: p. 428-437.</marc:subfield></marc:datafield><marc:datafield tag="650" ind1=" " ind2="0"><marc:subfield code="a">Proto-Austro-Thai language.</marc:subfield></marc:datafield><marc:datafield tag="650" ind1=" " ind2="0"><marc:subfield code="a">Austronesian languages</marc:subfield><marc:subfield code="x">Grammar, Comparative</marc:subfield><marc:subfield code="x">Thai.</marc:subfield></marc:datafield><marc:datafield tag="650" ind1=" " ind2="0"><marc:subfield code="a">Tai languages</marc:subfield><marc:subfield code="x">Grammar, Comparative</marc:subfield><marc:subfield code="x">Austronesian.</marc:subfield></marc:datafield><marc:datafield tag="650" ind1=" " ind2="0"><marc:subfield code="a">Austronesian languages</marc:subfield><marc:subfield code="v">Classification.</marc:subfield></marc:datafield><marc:datafield tag="650" ind1=" " ind2="0"><marc:subfield code="a">Tai languages</marc:subfield><marc:subfield code="v">Classification.</marc:subfield></marc:datafield><marc:datafield tag="035" ind1=" " ind2=" "><marc:subfield code="a">(TxDaGIAL)37741100010919</marc:subfield></marc:datafield><marc:controlfield tag="005">20080624154542.0</marc:controlfield><marc:controlfield tag="001">787</marc:controlfield><marc:controlfield tag="003">TxDaGIAL</marc:controlfield><marc:datafield tag="852" ind1=" " ind2=" "><marc:subfield code="p">37741100010919</marc:subfield><marc:subfield code="a">Library</marc:subfield><marc:subfield code="x">COPYID:890</marc:subfield><marc:subfield code="x">FSC@aRegular@c19960410</marc:subfield><marc:subfield code="h">495.9 B463a 1975</marc:subfield><marc:subfield code="z">9888</marc:subfield></marc:datafield><marc:datafield tag="852" ind1=" " ind2=" "><marc:subfield code="p">37741100010920</marc:subfield><marc:subfield code="a">Library</marc:subfield><marc:subfield code="9">$23.75</marc:subfield><marc:subfield code="x">COPYID:891</marc:subfield><marc:subfield code="x">FSC@aRegular@c19960410</marc:subfield><marc:subfield code="h">495.9 B463a 1975</marc:subfield><marc:subfield code="z">7-90</marc:subfield></marc:datafield></marc:record>