
<marc:record><marc:leader>01360cam a2200313 i 4500</marc:leader>
<marc:controlfield tag="008">760302s1976    hiu      b    10010 eng  </marc:controlfield>
<marc:datafield tag="010" ind1=" " ind2=" "><marc:subfield code="a">   76006154 //r852</marc:subfield></marc:datafield><marc:datafield tag="020" ind1=" " ind2=" "><marc:subfield code="a">0824802802 :</marc:subfield><marc:subfield code="c">$25.00</marc:subfield></marc:datafield><marc:datafield tag="040" ind1=" " ind2=" "><marc:subfield code="a">DLC</marc:subfield><marc:subfield code="c">DLC</marc:subfield><marc:subfield code="d">TxDaGIAL</marc:subfield></marc:datafield><marc:datafield tag="050" ind1="0" ind2=" "><marc:subfield code="a">PL4281</marc:subfield><marc:subfield code="b">.I5 1976</marc:subfield></marc:datafield><marc:datafield tag="082" ind1=" " ind2=" "><marc:subfield code="a">495.9</marc:subfield></marc:datafield><marc:datafield tag="111" ind1="2" ind2="0"><marc:subfield code="a">International Conference on Austroasiatic Linguistics</marc:subfield><marc:subfield code="n">(1st :</marc:subfield><marc:subfield code="d">1973 :</marc:subfield><marc:subfield code="c">Honolulu)</marc:subfield></marc:datafield><marc:datafield tag="245" ind1="1" ind2="0"><marc:subfield code="a">Austroasiatic studies :</marc:subfield><marc:subfield code="b">[papers] /</marc:subfield><marc:subfield code="c">edited by Philip N. Jenner, Laurence C. Thompson, Stanley Starosta.</marc:subfield></marc:datafield><marc:datafield tag="260" ind1="0" ind2=" "><marc:subfield code="a">Honolulu :</marc:subfield><marc:subfield code="b">University Press of Hawaii,</marc:subfield><marc:subfield code="c">1976.</marc:subfield></marc:datafield><marc:datafield tag="300" ind1=" " ind2=" "><marc:subfield code="a">2 v. (xii, 1343 p.) ;</marc:subfield><marc:subfield code="c">23 cm.</marc:subfield></marc:datafield><marc:datafield tag="440" ind1=" " ind2="0"><marc:subfield code="a">Oceanic linguistics special publication ;</marc:subfield><marc:subfield code="v">no. 13</marc:subfield></marc:datafield><marc:datafield tag="500" ind1=" " ind2=" "><marc:subfield code="a">Conference was sponsored by the Pacific and Asian Linguistics Institute of the University of Hawaii.</marc:subfield></marc:datafield><marc:datafield tag="504" ind1=" " ind2=" "><marc:subfield code="a">Includes bibliographies.</marc:subfield></marc:datafield><marc:datafield tag="650" ind1=" " ind2="0"><marc:subfield code="a">Austroasiatic languages</marc:subfield><marc:subfield code="v">Congresses.</marc:subfield></marc:datafield><marc:datafield tag="700" ind1="1" ind2="0"><marc:subfield code="a">Jenner, Philip N.</marc:subfield></marc:datafield><marc:datafield tag="700" ind1="1" ind2="0"><marc:subfield code="a">Thompson, Laurence C.</marc:subfield></marc:datafield><marc:datafield tag="700" ind1="1" ind2="0"><marc:subfield code="a">Starosta, Stanley.</marc:subfield></marc:datafield><marc:datafield tag="710" ind1="2" ind2="0"><marc:subfield code="a">University of Hawaii (Honolulu).</marc:subfield><marc:subfield code="b">Pacific and Asian Linguistics Institute.</marc:subfield></marc:datafield><marc:datafield tag="035" ind1=" " ind2=" "><marc:subfield code="a">(TxDaGIAL)37741100009363</marc:subfield></marc:datafield><marc:controlfield tag="005">20080624154542.0</marc:controlfield><marc:controlfield tag="001">788</marc:controlfield><marc:controlfield tag="003">TxDaGIAL</marc:controlfield><marc:datafield tag="852" ind1=" " ind2=" "><marc:subfield code="p">37741100009363</marc:subfield><marc:subfield code="a">Library</marc:subfield><marc:subfield code="x">COPYID:892</marc:subfield><marc:subfield code="x">FSC@aRegular@c19951108</marc:subfield><marc:subfield code="h">495.9 I61a vol.1 1976</marc:subfield><marc:subfield code="z">7089</marc:subfield></marc:datafield><marc:datafield tag="852" ind1=" " ind2=" "><marc:subfield code="p">37741100009364</marc:subfield><marc:subfield code="a">Library</marc:subfield><marc:subfield code="x">COPYID:893</marc:subfield><marc:subfield code="x">FSC@aRegular@c19951108</marc:subfield><marc:subfield code="h">495.9 I61a vol.2 1976</marc:subfield><marc:subfield code="z">7080</marc:subfield></marc:datafield></marc:record>