
<marc:record><marc:leader>00863nam a2200229Ia 4500</marc:leader>
<marc:controlfield tag="008">930226s1971    at      rb    000 0 eng d</marc:controlfield>
<marc:datafield tag="040" ind1=" " ind2=" "><marc:subfield code="a">TxDaGIAL</marc:subfield><marc:subfield code="c">TxDaGIAL</marc:subfield></marc:datafield><marc:datafield tag="100" ind1="1" ind2=" "><marc:subfield code="a">Hooley, Bruce Arthur,</marc:subfield><marc:subfield code="d">1931-</marc:subfield></marc:datafield><marc:datafield tag="245" ind1="1" ind2="0"><marc:subfield code="a">Austronesian languages of the Morobe District, Papua New Guinea /</marc:subfield><marc:subfield code="c">Bruce A. Hooley.</marc:subfield></marc:datafield><marc:datafield tag="260" ind1=" " ind2=" "><marc:subfield code="b">map,</marc:subfield><marc:subfield code="c">1971.</marc:subfield></marc:datafield><marc:datafield tag="300" ind1=" " ind2=" "><marc:subfield code="a">p. 79-151 ;</marc:subfield><marc:subfield code="c">21 cm.</marc:subfield></marc:datafield><marc:datafield tag="500" ind1=" " ind2=" "><marc:subfield code="a">&quot;Reprinted from 'Oceanic linguistics', Winter 1971, vol. X, No. 2.&quot;</marc:subfield></marc:datafield><marc:datafield tag="500" ind1=" " ind2=" "><marc:subfield code="a">Cover title.</marc:subfield></marc:datafield><marc:datafield tag="546" ind1=" " ind2=" "><marc:subfield code="a">English.</marc:subfield></marc:datafield><marc:datafield tag="651" ind1=" " ind2="0"><marc:subfield code="a">Papua New Guinea</marc:subfield><marc:subfield code="x">Languages.</marc:subfield></marc:datafield><marc:datafield tag="650" ind1=" " ind2="0"><marc:subfield code="a">Austronesian languages</marc:subfield><marc:subfield code="z">Papua New Guinea.</marc:subfield></marc:datafield><marc:datafield tag="035" ind1=" " ind2=" "><marc:subfield code="a">(TxDaGIAL)37741100020589</marc:subfield></marc:datafield><marc:controlfield tag="005">20080624154542.0</marc:controlfield><marc:controlfield tag="001">789</marc:controlfield><marc:controlfield tag="003">TxDaGIAL</marc:controlfield><marc:datafield tag="852" ind1=" " ind2=" "><marc:subfield code="p">37741100020589</marc:subfield><marc:subfield code="a">Library</marc:subfield><marc:subfield code="x">COPYID:894</marc:subfield><marc:subfield code="x">FSC@aRegular@c19970924</marc:subfield><marc:subfield code="h">499.5371 H784 1971</marc:subfield></marc:datafield><marc:datafield tag="852" ind1=" " ind2=" "><marc:subfield code="p">37741100020590</marc:subfield><marc:subfield code="a">Library</marc:subfield><marc:subfield code="x">COPYID:895</marc:subfield><marc:subfield code="x">FSC@aRegular@c19970924</marc:subfield><marc:subfield code="h">499.5371 H784 1971</marc:subfield></marc:datafield></marc:record>