
<marc:record><marc:leader>01045cam a2200253 i 4500</marc:leader>
<marc:controlfield tag="008">801002s1980    miua     b    10010 eng  </marc:controlfield>
<marc:datafield tag="010" ind1=" " ind2=" "><marc:subfield code="a">   79087814 //r84</marc:subfield></marc:datafield><marc:datafield tag="020" ind1=" " ind2=" "><marc:subfield code="a">0891480153 (pbk.)</marc:subfield></marc:datafield><marc:datafield tag="040" ind1=" " ind2=" "><marc:subfield code="a">DLC</marc:subfield><marc:subfield code="c">DLC</marc:subfield><marc:subfield code="d">TxDaGIAL</marc:subfield></marc:datafield><marc:datafield tag="050" ind1="0" ind2=" "><marc:subfield code="a">PL5022</marc:subfield><marc:subfield code="b">.E2 1976</marc:subfield></marc:datafield><marc:datafield tag="082" ind1="0" ind2=" "><marc:subfield code="a">499/.2</marc:subfield><marc:subfield code="2">19</marc:subfield></marc:datafield><marc:datafield tag="111" ind1="2" ind2="0"><marc:subfield code="a">Eastern Conference on Austronesian Languages</marc:subfield><marc:subfield code="n">(2nd :</marc:subfield><marc:subfield code="d">1976 :</marc:subfield><marc:subfield code="c">Ann Arbor, Mich.)</marc:subfield></marc:datafield><marc:datafield tag="245" ind1="1" ind2="0"><marc:subfield code="a">Austronesian studies :</marc:subfield><marc:subfield code="b">papers from the Second Eastern Conference on Austronesian Languages /</marc:subfield><marc:subfield code="c">edited by Paz Buenaventura Naylor.</marc:subfield></marc:datafield><marc:datafield tag="260" ind1="0" ind2=" "><marc:subfield code="a">Ann Arbor :</marc:subfield><marc:subfield code="b">University of Michigan, Center for South and Southeast Asian Studies,</marc:subfield><marc:subfield code="c">1980.</marc:subfield></marc:datafield><marc:datafield tag="300" ind1=" " ind2=" "><marc:subfield code="a">xi, 314 p. :</marc:subfield><marc:subfield code="b">ill. ;</marc:subfield><marc:subfield code="c">23 cm.</marc:subfield></marc:datafield><marc:datafield tag="440" ind1=" " ind2="0"><marc:subfield code="a">Michigan papers on South and Southeast Asia ;</marc:subfield><marc:subfield code="v">no. 15</marc:subfield></marc:datafield><marc:datafield tag="504" ind1=" " ind2=" "><marc:subfield code="a">Includes bibliographies.</marc:subfield></marc:datafield><marc:datafield tag="650" ind1=" " ind2="0"><marc:subfield code="a">Austronesian languages</marc:subfield><marc:subfield code="v">Congresses.</marc:subfield></marc:datafield><marc:datafield tag="700" ind1="1" ind2="0"><marc:subfield code="a">Naylor, Paz Buenaventura.</marc:subfield></marc:datafield><marc:datafield tag="035" ind1=" " ind2=" "><marc:subfield code="a">(TxDaGIAL)37741100010926</marc:subfield></marc:datafield><marc:controlfield tag="005">20080624154543.0</marc:controlfield><marc:controlfield tag="001">790</marc:controlfield><marc:controlfield tag="003">TxDaGIAL</marc:controlfield><marc:datafield tag="852" ind1=" " ind2=" "><marc:subfield code="p">37741100010926</marc:subfield><marc:subfield code="a">Library</marc:subfield><marc:subfield code="x">COPYID:896</marc:subfield><marc:subfield code="x">FSC@aRegular@c19960410</marc:subfield><marc:subfield code="h">499.2 E13 1976</marc:subfield><marc:subfield code="z">6880</marc:subfield></marc:datafield></marc:record>