
<marc:record><marc:leader>00811nam a2200217 i 4500</marc:leader>
<marc:controlfield tag="008">960514s1994    at a          000 0 eng d</marc:controlfield>
<marc:datafield tag="020" ind1=" " ind2=" "><marc:subfield code="a">0858834243</marc:subfield></marc:datafield><marc:datafield tag="040" ind1=" " ind2=" "><marc:subfield code="a">TxDaGIAL</marc:subfield><marc:subfield code="c">TxDaGIAL</marc:subfield></marc:datafield><marc:datafield tag="082" ind1="0" ind2="4"><marc:subfield code="a">499</marc:subfield><marc:subfield code="2">20</marc:subfield></marc:datafield><marc:datafield tag="245" ind1="0" ind2="0"><marc:subfield code="a">Austronesian terminologies :</marc:subfield><marc:subfield code="b">continuity and change /</marc:subfield><marc:subfield code="c">edited by A.K. Pawley and M.D. Ross.</marc:subfield></marc:datafield><marc:datafield tag="260" ind1=" " ind2=" "><marc:subfield code="a">Canberra, ACT, Australia :</marc:subfield><marc:subfield code="b">Dept. of Linguistics, Australian National University,</marc:subfield><marc:subfield code="c">c1994.</marc:subfield></marc:datafield><marc:datafield tag="300" ind1=" " ind2=" "><marc:subfield code="a">vii, 624 p. :</marc:subfield><marc:subfield code="b">ill., maps ;</marc:subfield><marc:subfield code="c">26 cm.</marc:subfield></marc:datafield><marc:datafield tag="504" ind1=" " ind2=" "><marc:subfield code="a">Bibliography: p. 595-624.</marc:subfield></marc:datafield><marc:datafield tag="650" ind1=" " ind2="0"><marc:subfield code="a">Austronesian languages.</marc:subfield></marc:datafield><marc:datafield tag="700" ind1="1" ind2="0"><marc:subfield code="a">Pawley, Andrew.</marc:subfield></marc:datafield><marc:datafield tag="700" ind1="1" ind2="0"><marc:subfield code="a">Ross, Malcolm D.</marc:subfield></marc:datafield><marc:datafield tag="035" ind1=" " ind2=" "><marc:subfield code="a">(TxDaGIAL)37741100011020</marc:subfield></marc:datafield><marc:controlfield tag="005">20080624154543.0</marc:controlfield><marc:controlfield tag="001">791</marc:controlfield><marc:controlfield tag="003">TxDaGIAL</marc:controlfield><marc:datafield tag="852" ind1=" " ind2=" "><marc:subfield code="p">37741100011020</marc:subfield><marc:subfield code="a">Library</marc:subfield><marc:subfield code="9">$58.50</marc:subfield><marc:subfield code="x">FUND:Ling</marc:subfield><marc:subfield code="x">COPYID:897</marc:subfield><marc:subfield code="x">FSC@aRegular@c19960503</marc:subfield><marc:subfield code="h">499.2 A938p 1994</marc:subfield><marc:subfield code="z">s.o.  11-95</marc:subfield></marc:datafield></marc:record>