
<marc:record><marc:leader>00953pam a2200277 i 4500</marc:leader>
<marc:controlfield tag="008">790807s1979    azua     b    00110aeng  </marc:controlfield>
<marc:datafield tag="010" ind1=" " ind2=" "><marc:subfield code="a">   79019817</marc:subfield></marc:datafield><marc:datafield tag="020" ind1=" " ind2=" "><marc:subfield code="a">0816506981</marc:subfield></marc:datafield><marc:datafield tag="020" ind1=" " ind2=" "><marc:subfield code="a">0816506280 (pbk.) :</marc:subfield><marc:subfield code="c">$8.95</marc:subfield></marc:datafield><marc:datafield tag="040" ind1=" " ind2=" "><marc:subfield code="a">DLC</marc:subfield><marc:subfield code="c">DLC</marc:subfield><marc:subfield code="d">TxDaGIAL</marc:subfield></marc:datafield><marc:datafield tag="050" ind1="0" ind2=" "><marc:subfield code="a">F1221.Y3</marc:subfield><marc:subfield code="b">S28</marc:subfield></marc:datafield><marc:datafield tag="082" ind1=" " ind2=" "><marc:subfield code="a">970/.004/97</marc:subfield></marc:datafield><marc:datafield tag="100" ind1="1" ind2="0"><marc:subfield code="a">Savala, Refugio.</marc:subfield></marc:datafield><marc:datafield tag="245" ind1="1" ind2="4"><marc:subfield code="a">The autobiography of a Yaqui poet /</marc:subfield><marc:subfield code="c">by Refugio Savala ; edited with background and interpretations by Kathleen M. Sands.</marc:subfield></marc:datafield><marc:datafield tag="260" ind1="0" ind2=" "><marc:subfield code="a">Tucson :</marc:subfield><marc:subfield code="b">University of Arizona Press,</marc:subfield><marc:subfield code="c">c1980.</marc:subfield></marc:datafield><marc:datafield tag="300" ind1=" " ind2=" "><marc:subfield code="a">xxiii, 228 p. :</marc:subfield><marc:subfield code="b">ill., map ;</marc:subfield><marc:subfield code="c">23 cm.</marc:subfield></marc:datafield><marc:datafield tag="504" ind1=" " ind2=" "><marc:subfield code="a">Bibliography: p. 219-222.</marc:subfield></marc:datafield><marc:datafield tag="500" ind1=" " ind2=" "><marc:subfield code="a">Includes index.</marc:subfield></marc:datafield><marc:datafield tag="600" ind1="1" ind2="0"><marc:subfield code="a">Savala, Refugio.</marc:subfield></marc:datafield><marc:datafield tag="650" ind1=" " ind2="0"><marc:subfield code="a">Yaqui Indians</marc:subfield><marc:subfield code="v">Biography.</marc:subfield></marc:datafield><marc:datafield tag="700" ind1="1" ind2="0"><marc:subfield code="a">Sands, Kathleen M.</marc:subfield></marc:datafield><marc:datafield tag="035" ind1=" " ind2=" "><marc:subfield code="a">(TxDaGIAL)37741100008319</marc:subfield></marc:datafield><marc:controlfield tag="005">20080624154543.0</marc:controlfield><marc:controlfield tag="001">793</marc:controlfield><marc:controlfield tag="003">TxDaGIAL</marc:controlfield><marc:datafield tag="852" ind1=" " ind2=" "><marc:subfield code="p">37741100008319</marc:subfield><marc:subfield code="a">Library</marc:subfield><marc:subfield code="x">COPYID:899</marc:subfield><marc:subfield code="x">FSC@aRegular@c19950919</marc:subfield><marc:subfield code="h">970.00497 S264a 1980</marc:subfield><marc:subfield code="z">11900</marc:subfield></marc:datafield></marc:record>