
<marc:record><marc:leader>00885cam a2200205Ii 4500</marc:leader>
<marc:controlfield tag="008">750409c19821927ii            0 0 0 engmu</marc:controlfield>
<marc:datafield tag="040" ind1=" " ind2=" "><marc:subfield code="c">NYG</marc:subfield><marc:subfield code="d">m.c.</marc:subfield><marc:subfield code="d">OCL</marc:subfield><marc:subfield code="d">BZM</marc:subfield></marc:datafield><marc:datafield tag="041" ind1="1" ind2=" "><marc:subfield code="a">eng</marc:subfield><marc:subfield code="h">guj</marc:subfield></marc:datafield><marc:datafield tag="100" ind1="1" ind2=" "><marc:subfield code="a">Gandhi,</marc:subfield><marc:subfield code="c">Mahatma,</marc:subfield><marc:subfield code="d">1869-1948.</marc:subfield></marc:datafield><marc:datafield tag="240" ind1="0" ind2="0"><marc:subfield code="a">Satyan prayogo athav tmakath.</marc:subfield><marc:subfield code="l">English.</marc:subfield></marc:datafield><marc:datafield tag="245" ind1="1" ind2="3"><marc:subfield code="a">An autobiography :</marc:subfield><marc:subfield code="b">or, the story of my experiments with truth /</marc:subfield><marc:subfield code="c">by M. K. Gandhi.  Translated from the original in Gujarati by Mahadev Desai.</marc:subfield></marc:datafield><marc:datafield tag="260" ind1=" " ind2=" "><marc:subfield code="a">Ahmedabad :</marc:subfield><marc:subfield code="b">Navajivan Publishing House,</marc:subfield><marc:subfield code="c">[1982, c1927]</marc:subfield></marc:datafield><marc:datafield tag="300" ind1=" " ind2=" "><marc:subfield code="a">xii, 420 p. ;</marc:subfield><marc:subfield code="c">20 cm.</marc:subfield></marc:datafield><marc:datafield tag="500" ind1=" " ind2=" "><marc:subfield code="a">First published in English, 1927-29, under title:  The story of my experiments with truth.</marc:subfield></marc:datafield><marc:datafield tag="740" ind1="0" ind2="1"><marc:subfield code="a">Story of my experiments with truth.</marc:subfield></marc:datafield><marc:datafield tag="035" ind1=" " ind2=" "><marc:subfield code="a">(TxDaGIAL)37741100015017</marc:subfield></marc:datafield><marc:controlfield tag="005">20080624154544.0</marc:controlfield><marc:controlfield tag="001">794</marc:controlfield><marc:controlfield tag="003">TxDaGIAL</marc:controlfield><marc:datafield tag="852" ind1=" " ind2=" "><marc:subfield code="p">37741100015017</marc:subfield><marc:subfield code="a">Library</marc:subfield><marc:subfield code="x">COPYID:900</marc:subfield><marc:subfield code="x">FSC@aRegular@c19970211</marc:subfield><marc:subfield code="h">920 G195s.E 1982</marc:subfield><marc:subfield code="z">9321</marc:subfield></marc:datafield></marc:record>