
<marc:record><marc:leader>00764nam a22001937a 4500</marc:leader>
<marc:controlfield tag="008">910625s1968    wiua          o0  0 eng  </marc:controlfield>
<marc:datafield tag="040" ind1=" " ind2=" "><marc:subfield code="d">TxDaGIAL</marc:subfield></marc:datafield><marc:datafield tag="100" ind1="1" ind2="0"><marc:subfield code="a">Klein, Sheldon.</marc:subfield></marc:datafield><marc:datafield tag="245" ind1="1" ind2="4"><marc:subfield code="a">The AUTOLING system /</marc:subfield><marc:subfield code="c">by Sheldon Klein ... [et al.].</marc:subfield></marc:datafield><marc:datafield tag="260" ind1="0" ind2=" "><marc:subfield code="a">Madison, Wis. :</marc:subfield><marc:subfield code="b">University of Wisconsin,</marc:subfield><marc:subfield code="c">1968.</marc:subfield></marc:datafield><marc:datafield tag="300" ind1=" " ind2=" "><marc:subfield code="a">iii, 85 p. :</marc:subfield><marc:subfield code="b">ill.</marc:subfield></marc:datafield><marc:datafield tag="440" ind1=" " ind2="0"><marc:subfield code="a">SP (Series)</marc:subfield></marc:datafield><marc:datafield tag="500" ind1=" " ind2=" "><marc:subfield code="a">&quot;A portion of this paper was presented at the 42nd Annaul Meeting of the Linguistic Society of America, Dec. 1967, chicago, under the title 'Testing an automated Linguistic Fieldworker' &quot;.</marc:subfield></marc:datafield><marc:datafield tag="546" ind1=" " ind2=" "><marc:subfield code="a">English.</marc:subfield></marc:datafield><marc:datafield tag="035" ind1=" " ind2=" "><marc:subfield code="a">(TxDaGIAL)37741100019074</marc:subfield></marc:datafield><marc:controlfield tag="005">20080624154544.0</marc:controlfield><marc:controlfield tag="001">795</marc:controlfield><marc:controlfield tag="003">TxDaGIAL</marc:controlfield><marc:datafield tag="852" ind1=" " ind2=" "><marc:subfield code="p">37741100019074</marc:subfield><marc:subfield code="a">Library</marc:subfield><marc:subfield code="x">COPYID:901</marc:subfield><marc:subfield code="x">FSC@aRegular@c19970717</marc:subfield><marc:subfield code="h">006.3 K64a 1968</marc:subfield></marc:datafield></marc:record>