
<marc:record><marc:leader>01041cam a2200289 a 4500</marc:leader>
<marc:controlfield tag="008">830510s1983    enka     b    00100 eng  </marc:controlfield>
<marc:datafield tag="010" ind1=" " ind2=" "><marc:subfield code="a">   83008601 //r912</marc:subfield></marc:datafield><marc:datafield tag="020" ind1=" " ind2=" "><marc:subfield code="a">0853126216 :</marc:subfield><marc:subfield code="c">18.50</marc:subfield></marc:datafield><marc:datafield tag="020" ind1=" " ind2=" "><marc:subfield code="a">0470274603 (Halsted Press)</marc:subfield></marc:datafield><marc:datafield tag="040" ind1=" " ind2=" "><marc:subfield code="a">DLC</marc:subfield><marc:subfield code="c">DLC</marc:subfield><marc:subfield code="d">DLC</marc:subfield></marc:datafield><marc:datafield tag="050" ind1="0" ind2="0"><marc:subfield code="a">P98</marc:subfield><marc:subfield code="b">.A85 1983</marc:subfield></marc:datafield><marc:datafield tag="082" ind1="0" ind2="0"><marc:subfield code="a">410/.72</marc:subfield><marc:subfield code="2">19</marc:subfield></marc:datafield><marc:datafield tag="245" ind1="0" ind2="0"><marc:subfield code="a">Automatic natural language parsing /</marc:subfield><marc:subfield code="c">edited by Karen Sparck Jones and Yorick Wilks.</marc:subfield></marc:datafield><marc:datafield tag="260" ind1="0" ind2=" "><marc:subfield code="a">Chichester :</marc:subfield><marc:subfield code="b">E. Horwood ;</marc:subfield><marc:subfield code="a">New York :</marc:subfield><marc:subfield code="b">Halsted Press,</marc:subfield><marc:subfield code="c">1983.</marc:subfield></marc:datafield><marc:datafield tag="300" ind1=" " ind2=" "><marc:subfield code="a">208 p. :</marc:subfield><marc:subfield code="b">ill. ;</marc:subfield><marc:subfield code="c">24 cm.</marc:subfield></marc:datafield><marc:datafield tag="440" ind1=" " ind2="0"><marc:subfield code="a">Ellis Horwood series in artificial intelligence</marc:subfield></marc:datafield><marc:datafield tag="504" ind1=" " ind2=" "><marc:subfield code="a">Bibliography: p. [190]-203.</marc:subfield></marc:datafield><marc:datafield tag="500" ind1=" " ind2=" "><marc:subfield code="a">Includes index.</marc:subfield></marc:datafield><marc:datafield tag="650" ind1=" " ind2="0"><marc:subfield code="a">Natural language processing (Computer science)</marc:subfield></marc:datafield><marc:datafield tag="650" ind1=" " ind2="0"><marc:subfield code="a">Parsing (Computer grammar)</marc:subfield></marc:datafield><marc:datafield tag="700" ind1="1" ind2="0"><marc:subfield code="a">Sparck Jones, Karen,</marc:subfield><marc:subfield code="d">1935-</marc:subfield></marc:datafield><marc:datafield tag="700" ind1="1" ind2="0"><marc:subfield code="a">Wilks, Yorick,</marc:subfield><marc:subfield code="d">1939-</marc:subfield></marc:datafield><marc:datafield tag="035" ind1=" " ind2=" "><marc:subfield code="a">(TxDaGIAL)37741100004478</marc:subfield></marc:datafield><marc:controlfield tag="005">20080624154544.0</marc:controlfield><marc:controlfield tag="001">796</marc:controlfield><marc:controlfield tag="003">TxDaGIAL</marc:controlfield><marc:datafield tag="852" ind1=" " ind2=" "><marc:subfield code="p">37741100004478</marc:subfield><marc:subfield code="a">Library</marc:subfield><marc:subfield code="x">COPYID:902</marc:subfield><marc:subfield code="x">FSC@aRegular@c19950601</marc:subfield><marc:subfield code="h">410.72 A939s 1983</marc:subfield><marc:subfield code="z">12392</marc:subfield></marc:datafield></marc:record>