
<marc:record><marc:leader>00673nam a22002057a 4500</marc:leader>
<marc:controlfield tag="008">910625s1964    caua          o0    eng  </marc:controlfield>
<marc:datafield tag="035" ind1=" " ind2=" "><marc:subfield code="a">(CU-UC)7204639</marc:subfield></marc:datafield><marc:datafield tag="100" ind1="1" ind2="0"><marc:subfield code="a">Klein, Sheldon.</marc:subfield></marc:datafield><marc:datafield tag="245" ind1="1" ind2="0"><marc:subfield code="a">Automatic paraphrasing in essay format /</marc:subfield><marc:subfield code="c">Sheldon Klein.</marc:subfield></marc:datafield><marc:datafield tag="260" ind1="0" ind2=" "><marc:subfield code="a">Santa Monica :</marc:subfield><marc:subfield code="b">System Development Corporation,</marc:subfield><marc:subfield code="c">1964.</marc:subfield></marc:datafield><marc:datafield tag="300" ind1=" " ind2=" "><marc:subfield code="a">60 p. :</marc:subfield><marc:subfield code="b">ill.</marc:subfield></marc:datafield><marc:datafield tag="440" ind1=" " ind2="0"><marc:subfield code="a">SP (Series)</marc:subfield></marc:datafield><marc:datafield tag="500" ind1=" " ind2=" "><marc:subfield code="a">&quot;SP-1602/001/00.&quot;</marc:subfield></marc:datafield><marc:datafield tag="546" ind1=" " ind2=" "><marc:subfield code="a">English.</marc:subfield></marc:datafield><marc:datafield tag="710" ind1="2" ind2="0"><marc:subfield code="a">System Development Corp. (Santa Monica, Calif.)</marc:subfield></marc:datafield><marc:datafield tag="035" ind1=" " ind2=" "><marc:subfield code="a">(TxDaGIAL)37741100015449</marc:subfield></marc:datafield><marc:controlfield tag="005">20080624154544.0</marc:controlfield><marc:controlfield tag="001">797</marc:controlfield><marc:controlfield tag="003">TxDaGIAL</marc:controlfield><marc:datafield tag="852" ind1=" " ind2=" "><marc:subfield code="p">37741100015449</marc:subfield><marc:subfield code="a">Library</marc:subfield><marc:subfield code="x">COPYID:903</marc:subfield><marc:subfield code="x">FSC@aRegular@c19970226</marc:subfield><marc:subfield code="h">006.3 K64a 1964</marc:subfield><marc:subfield code="z">3-89</marc:subfield></marc:datafield></marc:record>