
<marc:record><marc:leader>00770nam a2200205 a 4500</marc:leader>
<marc:controlfield tag="008">970225s1989    txu           000 0 eng d</marc:controlfield>
<marc:datafield tag="040" ind1=" " ind2=" "><marc:subfield code="a">TxDaGIAL</marc:subfield><marc:subfield code="c">TxDaGIAL</marc:subfield></marc:datafield><marc:datafield tag="100" ind1="1" ind2=" "><marc:subfield code="a">Migliazza Brian L.</marc:subfield></marc:datafield><marc:datafield tag="245" ind1="1" ind2="0"><marc:subfield code="a">Autonomous syntactic tiers /</marc:subfield><marc:subfield code="c">by Brian Louis Migliazza.</marc:subfield></marc:datafield><marc:datafield tag="260" ind1=" " ind2=" "><marc:subfield code="c">1989.</marc:subfield></marc:datafield><marc:datafield tag="300" ind1=" " ind2=" "><marc:subfield code="a">viii, 166 leaves :</marc:subfield><marc:subfield code="b">ill. ;</marc:subfield><marc:subfield code="c">28 cm.</marc:subfield></marc:datafield><marc:datafield tag="502" ind1=" " ind2=" "><marc:subfield code="a">Thesis (M.A.)--University of Texas at Arlington, 1989.</marc:subfield></marc:datafield><marc:datafield tag="504" ind1=" " ind2=" "><marc:subfield code="a">Includes bibliographical references (leaves 159-166).</marc:subfield></marc:datafield><marc:datafield tag="650" ind1=" " ind2="0"><marc:subfield code="a">Generative grammar.</marc:subfield></marc:datafield><marc:datafield tag="610" ind1="2" ind2="0"><marc:subfield code="a">University of Texas at Arlington.</marc:subfield><marc:subfield code="b">Graduate School</marc:subfield><marc:subfield code="x">Thesis.</marc:subfield></marc:datafield><marc:datafield tag="035" ind1=" " ind2=" "><marc:subfield code="a">(TxDaGIAL)37741100015525</marc:subfield></marc:datafield><marc:controlfield tag="005">20080624154545.0</marc:controlfield><marc:controlfield tag="001">799</marc:controlfield><marc:controlfield tag="003">TxDaGIAL</marc:controlfield><marc:datafield tag="852" ind1=" " ind2=" "><marc:subfield code="p">37741100015525</marc:subfield><marc:subfield code="a">Library</marc:subfield><marc:subfield code="9">$0.00</marc:subfield><marc:subfield code="x">COPYID:905</marc:subfield><marc:subfield code="x">FSC@aRegular@c19970228</marc:subfield><marc:subfield code="h">415 M634 1989</marc:subfield><marc:subfield code="z">author gift 5-89</marc:subfield></marc:datafield></marc:record>