
<marc:record><marc:leader>01067cam a2200301 i 4500</marc:leader>
<marc:controlfield tag="008">790917s1979    ilu      b    00010 eng  </marc:controlfield>
<marc:datafield tag="010" ind1=" " ind2=" "><marc:subfield code="a">   79115229 //r84</marc:subfield></marc:datafield><marc:datafield tag="020" ind1=" " ind2=" "><marc:subfield code="a">0887830188</marc:subfield></marc:datafield><marc:datafield tag="040" ind1=" " ind2=" "><marc:subfield code="a">DLC</marc:subfield><marc:subfield code="c">DLC</marc:subfield><marc:subfield code="d">DLC</marc:subfield></marc:datafield><marc:datafield tag="050" ind1="0" ind2=" "><marc:subfield code="a">P217.6</marc:subfield><marc:subfield code="b">.D6</marc:subfield></marc:datafield><marc:datafield tag="082" ind1=" " ind2=" "><marc:subfield code="a">414</marc:subfield></marc:datafield><marc:datafield tag="100" ind1="1" ind2="0"><marc:subfield code="a">Dogil, Grzegorz.</marc:subfield></marc:datafield><marc:datafield tag="245" ind1="1" ind2="0"><marc:subfield code="a">Autosegmental account of phonological emphasis /</marc:subfield><marc:subfield code="c">Grzegorz Dogil.</marc:subfield></marc:datafield><marc:datafield tag="260" ind1="0" ind2=" "><marc:subfield code="a">Carbondale [Ill.] :</marc:subfield><marc:subfield code="b">Linguistic Research,</marc:subfield><marc:subfield code="c">1979.</marc:subfield></marc:datafield><marc:datafield tag="300" ind1=" " ind2=" "><marc:subfield code="a">164 p. :</marc:subfield><marc:subfield code="b">diagrs. ;</marc:subfield><marc:subfield code="c">21 cm.</marc:subfield></marc:datafield><marc:datafield tag="490" ind1="0" ind2=" "><marc:subfield code="a">Slavic linguistics ;</marc:subfield><marc:subfield code="v">7</marc:subfield></marc:datafield><marc:datafield tag="440" ind1=" " ind2="0"><marc:subfield code="a">Current inquiry into language and linguistics ;</marc:subfield><marc:subfield code="v">25</marc:subfield></marc:datafield><marc:datafield tag="504" ind1=" " ind2=" "><marc:subfield code="a">Bibliography: p. [156]-164.</marc:subfield></marc:datafield><marc:datafield tag="650" ind1=" " ind2="0"><marc:subfield code="a">Grammar, Comparative and general</marc:subfield><marc:subfield code="x">Phonology.</marc:subfield></marc:datafield><marc:datafield tag="650" ind1=" " ind2="0"><marc:subfield code="a">Emphasis (Linguistics)</marc:subfield></marc:datafield><marc:datafield tag="650" ind1=" " ind2="0"><marc:subfield code="a">Generative grammar.</marc:subfield></marc:datafield><marc:datafield tag="650" ind1=" " ind2="0"><marc:subfield code="a">Polish language</marc:subfield><marc:subfield code="x">Phonology, Comparative</marc:subfield><marc:subfield code="x">English.</marc:subfield></marc:datafield><marc:datafield tag="650" ind1=" " ind2="0"><marc:subfield code="a">English language</marc:subfield><marc:subfield code="x">Phonology, Comparative</marc:subfield><marc:subfield code="x">Polish.</marc:subfield></marc:datafield><marc:datafield tag="035" ind1=" " ind2=" "><marc:subfield code="a">(TxDaGIAL)37741100003069</marc:subfield></marc:datafield><marc:controlfield tag="005">20080624154545.0</marc:controlfield><marc:controlfield tag="001">800</marc:controlfield><marc:controlfield tag="003">TxDaGIAL</marc:controlfield><marc:datafield tag="852" ind1=" " ind2=" "><marc:subfield code="p">37741100003069</marc:subfield><marc:subfield code="a">Library</marc:subfield><marc:subfield code="x">COPYID:906</marc:subfield><marc:subfield code="x">FSC@aRegular@c19950403</marc:subfield><marc:subfield code="h">414 D654a 1979</marc:subfield><marc:subfield code="z">6837</marc:subfield></marc:datafield></marc:record>