
<marc:record><marc:leader>00742nam a2200205 a 4500</marc:leader>
<marc:controlfield tag="008">970926s1985    txu           000 0 eng d</marc:controlfield>
<marc:datafield tag="040" ind1=" " ind2=" "><marc:subfield code="a">TxDaGIAL</marc:subfield><marc:subfield code="c">TxDaGIAL</marc:subfield></marc:datafield><marc:datafield tag="100" ind1="1" ind2=" "><marc:subfield code="a">Nystrom, John Charles.</marc:subfield></marc:datafield><marc:datafield tag="245" ind1="1" ind2="3"><marc:subfield code="a">An autosegmental analysis of the Hebrew strong verb /</marc:subfield><marc:subfield code="c">by John Charles Nystrom.</marc:subfield></marc:datafield><marc:datafield tag="260" ind1=" " ind2=" "><marc:subfield code="c">1985.</marc:subfield></marc:datafield><marc:datafield tag="300" ind1=" " ind2=" "><marc:subfield code="a">ii, 54 leaves :</marc:subfield><marc:subfield code="b">ill. ;</marc:subfield><marc:subfield code="c">29 cm.</marc:subfield></marc:datafield><marc:datafield tag="502" ind1=" " ind2=" "><marc:subfield code="a">Thesis (M.A.)--University of Texas at Arlington, 1985.</marc:subfield></marc:datafield><marc:datafield tag="504" ind1=" " ind2=" "><marc:subfield code="a">Bibliography: leaf 46.</marc:subfield></marc:datafield><marc:datafield tag="650" ind1=" " ind2="0"><marc:subfield code="a">Hebrew language</marc:subfield><marc:subfield code="x">Verb.</marc:subfield></marc:datafield><marc:datafield tag="610" ind1="2" ind2="0"><marc:subfield code="a">University of Texas at Arlington</marc:subfield><marc:subfield code="x">Dissertations.</marc:subfield></marc:datafield><marc:datafield tag="035" ind1=" " ind2=" "><marc:subfield code="a">(TxDaGIAL)37741100020624</marc:subfield></marc:datafield><marc:controlfield tag="005">20080624154545.0</marc:controlfield><marc:controlfield tag="001">801</marc:controlfield><marc:controlfield tag="003">TxDaGIAL</marc:controlfield><marc:datafield tag="852" ind1=" " ind2=" "><marc:subfield code="p">37741100020624</marc:subfield><marc:subfield code="a">Library</marc:subfield><marc:subfield code="x">COPYID:907</marc:subfield><marc:subfield code="x">FSC@aRegular@c19970929</marc:subfield><marc:subfield code="h">492.45 N998a 1985</marc:subfield><marc:subfield code="z">11729</marc:subfield></marc:datafield></marc:record>