
<marc:record><marc:leader>01096nam a2200265 a 4500</marc:leader>
<marc:controlfield tag="008">920211s1992    txua     b    001 0 eng  </marc:controlfield>
<marc:datafield tag="010" ind1=" " ind2=" "><marc:subfield code="a">   91067484</marc:subfield></marc:datafield><marc:datafield tag="020" ind1=" " ind2=" "><marc:subfield code="a">0883121069</marc:subfield></marc:datafield><marc:datafield tag="040" ind1=" " ind2=" "><marc:subfield code="a">DLC</marc:subfield><marc:subfield code="c">DLC</marc:subfield></marc:datafield><marc:datafield tag="050" ind1="0" ind2="0"><marc:subfield code="a">PL8671</marc:subfield><marc:subfield code="b">.G55 1992</marc:subfield></marc:datafield><marc:datafield tag="082" ind1="0" ind2="0"><marc:subfield code="a">496/.5</marc:subfield><marc:subfield code="2">20</marc:subfield></marc:datafield><marc:datafield tag="100" ind1="1" ind2=" "><marc:subfield code="a">Gilley, Leoma G.</marc:subfield></marc:datafield><marc:datafield tag="245" ind1="1" ind2="3"><marc:subfield code="a">An autosegmental approach to Shilluk phonology /</marc:subfield><marc:subfield code="c">Leoma G. Gilley.</marc:subfield></marc:datafield><marc:datafield tag="260" ind1=" " ind2=" "><marc:subfield code="a">Dallas, TX :</marc:subfield><marc:subfield code="b">Summer Institute of Linguistics,</marc:subfield><marc:subfield code="c">1992.</marc:subfield></marc:datafield><marc:datafield tag="300" ind1=" " ind2=" "><marc:subfield code="a">x, 214 p. :</marc:subfield><marc:subfield code="b">ill. ;</marc:subfield><marc:subfield code="c">23 cm.</marc:subfield></marc:datafield><marc:datafield tag="440" ind1=" " ind2="0"><marc:subfield code="a">Summer Institute of Linguistics and the University of Texas at Arlington publications in linguistics ;</marc:subfield><marc:subfield code="v">publication 103</marc:subfield></marc:datafield><marc:datafield tag="504" ind1=" " ind2=" "><marc:subfield code="a">Includes bibliographical references (p. 205-210) and index.</marc:subfield></marc:datafield><marc:datafield tag="650" ind1=" " ind2="0"><marc:subfield code="a">Shilluk language</marc:subfield><marc:subfield code="x">Phonology.</marc:subfield></marc:datafield><marc:datafield tag="650" ind1=" " ind2="0"><marc:subfield code="a">Autosegmental theory (Linguistics)</marc:subfield></marc:datafield><marc:datafield tag="035" ind1=" " ind2=" "><marc:subfield code="a">(TxDaGIAL)37741100012459</marc:subfield></marc:datafield><marc:controlfield tag="005">20080624154545.0</marc:controlfield><marc:controlfield tag="001">802</marc:controlfield><marc:controlfield tag="003">TxDaGIAL</marc:controlfield><marc:datafield tag="852" ind1=" " ind2=" "><marc:subfield code="p">37741100012459</marc:subfield><marc:subfield code="a">Library</marc:subfield><marc:subfield code="9">$0.00</marc:subfield><marc:subfield code="x">COPYID:908</marc:subfield><marc:subfield code="x">FSC@aRegular@c19960711</marc:subfield><marc:subfield code="h">496.5 G479a 1992</marc:subfield><marc:subfield code="z">AcPub gift 5-92</marc:subfield></marc:datafield><marc:datafield tag="852" ind1=" " ind2=" "><marc:subfield code="p">37741100012460</marc:subfield><marc:subfield code="a">Library</marc:subfield><marc:subfield code="9">$11.00</marc:subfield><marc:subfield code="x">COPYID:909</marc:subfield><marc:subfield code="x">FSC@aRegular@c19960711</marc:subfield><marc:subfield code="h">496.5 G479a 1992</marc:subfield><marc:subfield code="z">s.o. 5-92</marc:subfield></marc:datafield></marc:record>