
<marc:record><marc:leader>00896pam a2200229 i 4500</marc:leader>
<marc:controlfield tag="008">781222s1976    inua     b    00010 eng  </marc:controlfield>
<marc:datafield tag="040" ind1=" " ind2=" "><marc:subfield code="d">TxDaGIAL</marc:subfield></marc:datafield><marc:datafield tag="082" ind1=" " ind2="4"><marc:subfield code="a">414</marc:subfield></marc:datafield><marc:datafield tag="100" ind1="1" ind2="0"><marc:subfield code="a">Goldsmith, John A.,</marc:subfield><marc:subfield code="d">1951-</marc:subfield></marc:datafield><marc:datafield tag="245" ind1="1" ind2="0"><marc:subfield code="a">Autosegmental phonology /</marc:subfield><marc:subfield code="c">John A. Goldsmith.</marc:subfield></marc:datafield><marc:datafield tag="260" ind1="0" ind2=" "><marc:subfield code="a">Bloomington, Ind. :</marc:subfield><marc:subfield code="b">Indiana University Linguistics Club,</marc:subfield><marc:subfield code="c">1976.</marc:subfield></marc:datafield><marc:datafield tag="300" ind1=" " ind2=" "><marc:subfield code="a">iii, 170 p. :</marc:subfield><marc:subfield code="b">ill. ;</marc:subfield><marc:subfield code="c">28 cm.</marc:subfield></marc:datafield><marc:datafield tag="500" ind1=" " ind2=" "><marc:subfield code="a">Originally presented as the author's thesis, Massachusetts Institute of Technology, 1976.</marc:subfield></marc:datafield><marc:datafield tag="504" ind1=" " ind2=" "><marc:subfield code="a">Bibliography: p. 167-170.</marc:subfield></marc:datafield><marc:datafield tag="650" ind1=" " ind2="0"><marc:subfield code="a">Grammar, Comparative and general</marc:subfield><marc:subfield code="x">Phonology.</marc:subfield></marc:datafield><marc:datafield tag="650" ind1=" " ind2="0"><marc:subfield code="a">Generative grammar.</marc:subfield></marc:datafield><marc:datafield tag="035" ind1=" " ind2=" "><marc:subfield code="a">(TxDaGIAL)37741100010103</marc:subfield></marc:datafield><marc:controlfield tag="005">20080624154545.0</marc:controlfield><marc:controlfield tag="001">803</marc:controlfield><marc:controlfield tag="003">TxDaGIAL</marc:controlfield><marc:datafield tag="852" ind1=" " ind2=" "><marc:subfield code="p">37741100010103</marc:subfield><marc:subfield code="a">Library</marc:subfield><marc:subfield code="x">COPYID:910</marc:subfield><marc:subfield code="x">FSC@aRegular@c19951208</marc:subfield><marc:subfield code="h">414.6 G624a 1976</marc:subfield></marc:datafield><marc:datafield tag="852" ind1=" " ind2=" "><marc:subfield code="p">37741100010104</marc:subfield><marc:subfield code="a">Library</marc:subfield><marc:subfield code="x">COPYID:911</marc:subfield><marc:subfield code="x">FSC@aRegular@c19951208</marc:subfield><marc:subfield code="h">414.6 G624a 1976</marc:subfield></marc:datafield></marc:record>