
<marc:record><marc:leader>01031nam a2200277Ia 4500</marc:leader>
<marc:controlfield tag="008">891011s1988    ne a     b    00000 eng d</marc:controlfield>
<marc:datafield tag="020" ind1=" " ind2=" "><marc:subfield code="a">9067653039</marc:subfield></marc:datafield><marc:datafield tag="020" ind1=" " ind2=" "><marc:subfield code="a">9067653047 (pbk.)</marc:subfield></marc:datafield><marc:datafield tag="035" ind1=" " ind2=" "><marc:subfield code="a">(CU-UC)5901838</marc:subfield></marc:datafield><marc:datafield tag="040" ind1=" " ind2=" "><marc:subfield code="a">PIT</marc:subfield><marc:subfield code="c">PIT</marc:subfield><marc:subfield code="d">CUS</marc:subfield></marc:datafield><marc:datafield tag="245" ind1="0" ind2="0"><marc:subfield code="a">Autosegmental studies on pitch accent /</marc:subfield><marc:subfield code="c">edited by Harry van der Hulst, Norval Smith.</marc:subfield></marc:datafield><marc:datafield tag="260" ind1="0" ind2=" "><marc:subfield code="a">Dordrecht, Holland ;</marc:subfield><marc:subfield code="a">Providence, RI, U.S.A. :</marc:subfield><marc:subfield code="b">Foris,</marc:subfield><marc:subfield code="c">1988.</marc:subfield></marc:datafield><marc:datafield tag="300" ind1=" " ind2=" "><marc:subfield code="a">xxiv, 316 p. :</marc:subfield><marc:subfield code="b">ill. ;</marc:subfield><marc:subfield code="c">25 cm.</marc:subfield></marc:datafield><marc:datafield tag="440" ind1=" " ind2="0"><marc:subfield code="a">Linguistic models ;</marc:subfield><marc:subfield code="v">11.</marc:subfield></marc:datafield><marc:datafield tag="504" ind1=" " ind2=" "><marc:subfield code="a">Includes bibliographical references.</marc:subfield></marc:datafield><marc:datafield tag="546" ind1=" " ind2=" "><marc:subfield code="a">English.</marc:subfield></marc:datafield><marc:datafield tag="650" ind1=" " ind2="0"><marc:subfield code="a">Tone (Phonetics)</marc:subfield></marc:datafield><marc:datafield tag="650" ind1=" " ind2="0"><marc:subfield code="a">Autosegmental theory (Linguistics)</marc:subfield></marc:datafield><marc:datafield tag="700" ind1="1" ind2="0"><marc:subfield code="a">Hulst, Harry van der.</marc:subfield></marc:datafield><marc:datafield tag="700" ind1="1" ind2="0"><marc:subfield code="a">Smith, Norval.</marc:subfield></marc:datafield><marc:datafield tag="035" ind1=" " ind2=" "><marc:subfield code="a">(TxDaGIAL)37741100017936</marc:subfield></marc:datafield><marc:controlfield tag="005">20080624154546.0</marc:controlfield><marc:controlfield tag="001">804</marc:controlfield><marc:controlfield tag="003">TxDaGIAL</marc:controlfield><marc:datafield tag="852" ind1=" " ind2=" "><marc:subfield code="p">37741100017936</marc:subfield><marc:subfield code="a">Library</marc:subfield><marc:subfield code="9">$23.66</marc:subfield><marc:subfield code="x">COPYID:912</marc:subfield><marc:subfield code="x">FSC@aRegular@c19970515</marc:subfield><marc:subfield code="h">414.6 A939h 1988</marc:subfield><marc:subfield code="z">B/T 1-90</marc:subfield></marc:datafield><marc:datafield tag="852" ind1=" " ind2=" "><marc:subfield code="p">37741100017937</marc:subfield><marc:subfield code="a">Library</marc:subfield><marc:subfield code="9">$60.59</marc:subfield><marc:subfield code="x">COPYID:913</marc:subfield><marc:subfield code="x">FSC@aRegular@c19970515</marc:subfield><marc:subfield code="h">414.6 A939h 1988</marc:subfield><marc:subfield code="z">B/T 1-91</marc:subfield></marc:datafield></marc:record>