
<marc:record><marc:leader>00829cam a2200229 a 4500</marc:leader>
<marc:controlfield tag="008">860221s1981    inua     b    00010 eng d</marc:controlfield>
<marc:datafield tag="035" ind1=" " ind2=" "><marc:subfield code="a">(CU-UC)dlaisn513223</marc:subfield></marc:datafield><marc:datafield tag="100" ind1="1" ind2="0"><marc:subfield code="a">Gazdar, Gerald.</marc:subfield></marc:datafield><marc:datafield tag="245" ind1="1" ind2="0"><marc:subfield code="a">Auxiliaries and related phenomena in a restrictive theory of grammar /</marc:subfield><marc:subfield code="c">Gerald Gazdar, Geoffrey K. Pullum, Ivan A. Sag.</marc:subfield></marc:datafield><marc:datafield tag="260" ind1="0" ind2=" "><marc:subfield code="a">Bloomington :</marc:subfield><marc:subfield code="b">Indiana University Linguistics Club,</marc:subfield><marc:subfield code="c">[1981]</marc:subfield></marc:datafield><marc:datafield tag="300" ind1=" " ind2=" "><marc:subfield code="a">74 p. :</marc:subfield><marc:subfield code="b">ill. ;</marc:subfield><marc:subfield code="c">28 cm.</marc:subfield></marc:datafield><marc:datafield tag="500" ind1=" " ind2=" "><marc:subfield code="a">&quot;June 1981.&quot;</marc:subfield></marc:datafield><marc:datafield tag="504" ind1=" " ind2=" "><marc:subfield code="a">Bibliography: p. [69]-74.</marc:subfield></marc:datafield><marc:datafield tag="546" ind1=" " ind2=" "><marc:subfield code="a">English.</marc:subfield></marc:datafield><marc:datafield tag="650" ind1=" " ind2="0"><marc:subfield code="a">English language</marc:subfield><marc:subfield code="x">Grammar</marc:subfield><marc:subfield code="x">Theory, etc.</marc:subfield></marc:datafield><marc:datafield tag="700" ind1="1" ind2="0"><marc:subfield code="a">Pullum, Geoffrey K.</marc:subfield></marc:datafield><marc:datafield tag="700" ind1="1" ind2="0"><marc:subfield code="a">Sag, Ivan A.,</marc:subfield><marc:subfield code="d">1949-</marc:subfield></marc:datafield><marc:datafield tag="035" ind1=" " ind2=" "><marc:subfield code="a">(TxDaGIAL)37741100013625</marc:subfield></marc:datafield><marc:controlfield tag="005">20080624154546.0</marc:controlfield><marc:controlfield tag="001">806</marc:controlfield><marc:controlfield tag="003">TxDaGIAL</marc:controlfield><marc:datafield tag="852" ind1=" " ind2=" "><marc:subfield code="p">37741100013625</marc:subfield><marc:subfield code="a">Library</marc:subfield><marc:subfield code="x">COPYID:915</marc:subfield><marc:subfield code="x">FSC@aRegular@c19961104</marc:subfield><marc:subfield code="h">425 G289a 1981</marc:subfield><marc:subfield code="z">8071</marc:subfield></marc:datafield></marc:record>