
<marc:record><marc:leader>00962nam a2200265 a 4500</marc:leader>
<marc:controlfield tag="008">870730s1985    inu      b   s00010 eng  </marc:controlfield>
<marc:datafield tag="010" ind1=" " ind2=" "><marc:subfield code="a">   87160971</marc:subfield></marc:datafield><marc:datafield tag="020" ind1=" " ind2=" "><marc:subfield code="c">$13.40 (pbk.)</marc:subfield></marc:datafield><marc:datafield tag="040" ind1=" " ind2=" "><marc:subfield code="a">DLC</marc:subfield><marc:subfield code="c">DLC</marc:subfield></marc:datafield><marc:datafield tag="050" ind1="0" ind2=" "><marc:subfield code="a">PL8261.2</marc:subfield><marc:subfield code="b">.E44 1985</marc:subfield></marc:datafield><marc:datafield tag="082" ind1="0" ind2=" "><marc:subfield code="a">496/.3325</marc:subfield><marc:subfield code="2">19</marc:subfield></marc:datafield><marc:datafield tag="100" ind1="1" ind2="0"><marc:subfield code="a">Emenanj, E. Nlue.</marc:subfield></marc:datafield><marc:datafield tag="245" ind1="1" ind2="0"><marc:subfield code="a">Auxiliaries in Igbo syntax :</marc:subfield><marc:subfield code="b">a comparative study /</marc:subfield><marc:subfield code="c">by Emmanuel Nwanlue Emenanj.</marc:subfield></marc:datafield><marc:datafield tag="260" ind1="0" ind2=" "><marc:subfield code="a">Bloomington, Ind. (310 Lindley Hall, Bloomington 47405) :</marc:subfield><marc:subfield code="b">Indiana University Linguistics Club,</marc:subfield><marc:subfield code="c">c1985.</marc:subfield></marc:datafield><marc:datafield tag="300" ind1=" " ind2=" "><marc:subfield code="a">xvi, 231 p. ;</marc:subfield><marc:subfield code="c">29 cm.</marc:subfield></marc:datafield><marc:datafield tag="440" ind1=" " ind2="0"><marc:subfield code="a">Studies in African grammatical systems ;</marc:subfield><marc:subfield code="v">no. 2</marc:subfield></marc:datafield><marc:datafield tag="500" ind1=" " ind2=" "><marc:subfield code="a">&quot;June 1985.&quot;</marc:subfield></marc:datafield><marc:datafield tag="504" ind1=" " ind2=" "><marc:subfield code="a">Bibliography: p. 210-231.</marc:subfield></marc:datafield><marc:datafield tag="650" ind1=" " ind2="0"><marc:subfield code="a">Igbo language</marc:subfield><marc:subfield code="x">Auxiliary verbs.</marc:subfield></marc:datafield><marc:datafield tag="650" ind1=" " ind2="0"><marc:subfield code="a">Igbo language</marc:subfield><marc:subfield code="x">Syntax.</marc:subfield></marc:datafield><marc:datafield tag="035" ind1=" " ind2=" "><marc:subfield code="a">(TxDaGIAL)37741100006845</marc:subfield></marc:datafield><marc:controlfield tag="005">20080624154546.0</marc:controlfield><marc:controlfield tag="001">808</marc:controlfield><marc:controlfield tag="003">TxDaGIAL</marc:controlfield><marc:datafield tag="852" ind1=" " ind2=" "><marc:subfield code="p">37741100006845</marc:subfield><marc:subfield code="a">Library</marc:subfield><marc:subfield code="x">COPYID:917</marc:subfield><marc:subfield code="x">FSC@aRegular@c19950816</marc:subfield><marc:subfield code="h">496.3325 E53a 1985</marc:subfield><marc:subfield code="z">11296</marc:subfield></marc:datafield></marc:record>