
<marc:record><marc:leader>01033cam a2200277 i 4500</marc:leader>
<marc:controlfield tag="008">740726s1974    cau      b    000 0 eng  </marc:controlfield>
<marc:datafield tag="010" ind1=" " ind2=" "><marc:subfield code="a">   73008357 //r942</marc:subfield></marc:datafield><marc:datafield tag="040" ind1=" " ind2=" "><marc:subfield code="a">DLC</marc:subfield><marc:subfield code="c">DLC</marc:subfield><marc:subfield code="d">DLC</marc:subfield></marc:datafield><marc:datafield tag="043" ind1=" " ind2=" "><marc:subfield code="a">n-us---</marc:subfield><marc:subfield code="a">n-mx---</marc:subfield></marc:datafield><marc:datafield tag="050" ind1="0" ind2="0"><marc:subfield code="a">E184.M5</marc:subfield><marc:subfield code="b">S4 1974</marc:subfield></marc:datafield><marc:datafield tag="082" ind1="0" ind2="0"><marc:subfield code="a">301.45/16/872073</marc:subfield></marc:datafield><marc:datafield tag="100" ind1="1" ind2="0"><marc:subfield code="a">Servn, Manuel P.,</marc:subfield><marc:subfield code="d">1920-</marc:subfield><marc:subfield code="e">comp.</marc:subfield></marc:datafield><marc:datafield tag="245" ind1="1" ind2="3"><marc:subfield code="a">An awakened minority :</marc:subfield><marc:subfield code="b">The Mexican-Americans /</marc:subfield><marc:subfield code="c">[compiled by] Manuel P. Servin.</marc:subfield></marc:datafield><marc:datafield tag="250" ind1=" " ind2=" "><marc:subfield code="a">2d ed.</marc:subfield></marc:datafield><marc:datafield tag="260" ind1="0" ind2=" "><marc:subfield code="a">Beverly Hills :</marc:subfield><marc:subfield code="b">Glencoe Press,</marc:subfield><marc:subfield code="c">c1974.</marc:subfield></marc:datafield><marc:datafield tag="300" ind1=" " ind2=" "><marc:subfield code="a">viii, 309 p. ;</marc:subfield><marc:subfield code="c">24 cm.</marc:subfield></marc:datafield><marc:datafield tag="500" ind1=" " ind2=" "><marc:subfield code="a">Running title: The Mexican Americans: an awakened minority.</marc:subfield></marc:datafield><marc:datafield tag="500" ind1=" " ind2=" "><marc:subfield code="a">First ed. published in 1970 under title: The Mexican-Americans: an awakening minority.</marc:subfield></marc:datafield><marc:datafield tag="504" ind1=" " ind2=" "><marc:subfield code="a">Includes bibliographies.</marc:subfield></marc:datafield><marc:datafield tag="650" ind1=" " ind2="0"><marc:subfield code="a">Mexican Americans.</marc:subfield></marc:datafield><marc:datafield tag="740" ind1="0" ind2="1"><marc:subfield code="a">Mexican-Americans: an awakened minority.</marc:subfield></marc:datafield><marc:datafield tag="035" ind1=" " ind2=" "><marc:subfield code="a">(TxDaGIAL)37741100008957</marc:subfield></marc:datafield><marc:controlfield tag="005">20080624154547.0</marc:controlfield><marc:controlfield tag="001">811</marc:controlfield><marc:controlfield tag="003">TxDaGIAL</marc:controlfield><marc:datafield tag="852" ind1=" " ind2=" "><marc:subfield code="p">37741100008957</marc:subfield><marc:subfield code="a">Library</marc:subfield><marc:subfield code="x">COPYID:920</marc:subfield><marc:subfield code="x">FSC@aRegular@c19951023</marc:subfield><marc:subfield code="h">305.86872073 S492 1974</marc:subfield><marc:subfield code="z">8779</marc:subfield></marc:datafield></marc:record>