
<marc:record><marc:leader>01301cam a2200313 a 4500</marc:leader>
<marc:controlfield tag="008">840203s1984    nhua     b    10110 eng  </marc:controlfield>
<marc:datafield tag="010" ind1=" " ind2=" "><marc:subfield code="a">   84000727</marc:subfield></marc:datafield><marc:datafield tag="020" ind1=" " ind2=" "><marc:subfield code="a">0435082078 (pbk.)</marc:subfield></marc:datafield><marc:datafield tag="040" ind1=" " ind2=" "><marc:subfield code="a">DLC</marc:subfield><marc:subfield code="c">DLC</marc:subfield></marc:datafield><marc:datafield tag="050" ind1="0" ind2=" "><marc:subfield code="a">Z1037</marc:subfield><marc:subfield code="b">.U74 1982</marc:subfield></marc:datafield><marc:datafield tag="082" ind1="0" ind2=" "><marc:subfield code="a">028.5/30543</marc:subfield><marc:subfield code="2">19</marc:subfield></marc:datafield><marc:datafield tag="111" ind1="2" ind2="0"><marc:subfield code="a">University of Victoria Symposium on Children's Response to a Literate Environment: Literacy before Schooling</marc:subfield><marc:subfield code="d">(1982)</marc:subfield></marc:datafield><marc:datafield tag="245" ind1="1" ind2="0"><marc:subfield code="a">Awakening to literacy :</marc:subfield><marc:subfield code="b">the University of Victoria Symposium on Children's Response to a Literate Environment: Literacy before Schooling /</marc:subfield><marc:subfield code="c">edited by Hillel Goelman, Antoinette A. Oberg, and Frank Smith.</marc:subfield></marc:datafield><marc:datafield tag="260" ind1="0" ind2=" "><marc:subfield code="a">Exeter, N.H. :</marc:subfield><marc:subfield code="b">Heinemann Educational Books,</marc:subfield><marc:subfield code="c">1984.</marc:subfield></marc:datafield><marc:datafield tag="300" ind1=" " ind2=" "><marc:subfield code="a">xv, 240 p. :</marc:subfield><marc:subfield code="b">ill. ;</marc:subfield><marc:subfield code="c">23 cm.</marc:subfield></marc:datafield><marc:datafield tag="504" ind1=" " ind2=" "><marc:subfield code="a">Bibliography: p. 222-232.</marc:subfield></marc:datafield><marc:datafield tag="500" ind1=" " ind2=" "><marc:subfield code="a">Includes indexes.</marc:subfield></marc:datafield><marc:datafield tag="650" ind1=" " ind2="0"><marc:subfield code="a">Children</marc:subfield><marc:subfield code="x">Books and reading</marc:subfield><marc:subfield code="v">Congresses.</marc:subfield></marc:datafield><marc:datafield tag="650" ind1=" " ind2="0"><marc:subfield code="a">Reading (Preschool)</marc:subfield><marc:subfield code="v">Congresses.</marc:subfield></marc:datafield><marc:datafield tag="650" ind1=" " ind2="0"><marc:subfield code="a">Literacy</marc:subfield><marc:subfield code="v">Congresses.</marc:subfield></marc:datafield><marc:datafield tag="700" ind1="1" ind2="0"><marc:subfield code="a">Goelman, Hillel,</marc:subfield><marc:subfield code="d">1951-</marc:subfield></marc:datafield><marc:datafield tag="700" ind1="1" ind2="0"><marc:subfield code="a">Oberg, Antoinette A.</marc:subfield></marc:datafield><marc:datafield tag="700" ind1="1" ind2="0"><marc:subfield code="a">Smith, Frank,</marc:subfield><marc:subfield code="d">1928-</marc:subfield></marc:datafield><marc:datafield tag="710" ind1="2" ind2="0"><marc:subfield code="a">University of Victoria (B.C.)</marc:subfield></marc:datafield><marc:datafield tag="035" ind1=" " ind2=" "><marc:subfield code="a">(TxDaGIAL)37741100003413</marc:subfield></marc:datafield><marc:controlfield tag="005">20080624154547.0</marc:controlfield><marc:controlfield tag="001">812</marc:controlfield><marc:controlfield tag="003">TxDaGIAL</marc:controlfield><marc:datafield tag="852" ind1=" " ind2=" "><marc:subfield code="p">37741100003413</marc:subfield><marc:subfield code="a">Library</marc:subfield><marc:subfield code="9">$18.50</marc:subfield><marc:subfield code="x">COPYID:921</marc:subfield><marc:subfield code="x">FSC@aRegular@c19950413</marc:subfield><marc:subfield code="h">028.530543 U58a 1984</marc:subfield><marc:subfield code="z">B/T 5-89</marc:subfield></marc:datafield></marc:record>