
<marc:record><marc:leader>01111cam a2200289 i 4500</marc:leader>
<marc:controlfield tag="008">800424s1981    dcua     b   f00010 eng  </marc:controlfield>
<marc:datafield tag="010" ind1=" " ind2=" "><marc:subfield code="a">   80607075 //r94</marc:subfield></marc:datafield><marc:datafield tag="040" ind1=" " ind2=" "><marc:subfield code="a">DLC</marc:subfield><marc:subfield code="c">DLC</marc:subfield><marc:subfield code="d">DLC</marc:subfield></marc:datafield><marc:datafield tag="043" ind1=" " ind2=" "><marc:subfield code="a">s-ec---</marc:subfield></marc:datafield><marc:datafield tag="050" ind1="0" ind2="0"><marc:subfield code="a">GN1</marc:subfield><marc:subfield code="b">.S54 no. 29</marc:subfield><marc:subfield code="a">F3721.1.G9</marc:subfield></marc:datafield><marc:datafield tag="082" ind1="0" ind2="0"><marc:subfield code="a">301 s</marc:subfield><marc:subfield code="a">986.6/3</marc:subfield></marc:datafield><marc:datafield tag="086" ind1="0" ind2=" "><marc:subfield code="a">SI 1.33:29</marc:subfield></marc:datafield><marc:datafield tag="100" ind1="1" ind2="0"><marc:subfield code="a">Ubelaker, Douglas H.</marc:subfield></marc:datafield><marc:datafield tag="245" ind1="1" ind2="4"><marc:subfield code="a">The Ayalan cemetery :</marc:subfield><marc:subfield code="b">a late integration period burial site on the south coast of Ecuador /</marc:subfield><marc:subfield code="c">Douglas H. Ubelaker.</marc:subfield></marc:datafield><marc:datafield tag="260" ind1="0" ind2=" "><marc:subfield code="a">Washington :</marc:subfield><marc:subfield code="b">Smithsonian Institution Press,</marc:subfield><marc:subfield code="c">1981.</marc:subfield></marc:datafield><marc:datafield tag="300" ind1=" " ind2=" "><marc:subfield code="a">ix, 175 p. :</marc:subfield><marc:subfield code="b">ill. ;</marc:subfield><marc:subfield code="c">26 cm.</marc:subfield></marc:datafield><marc:datafield tag="440" ind1=" " ind2="0"><marc:subfield code="a">Smithsonian contributions to anthropology ;</marc:subfield><marc:subfield code="v">no. 29</marc:subfield></marc:datafield><marc:datafield tag="504" ind1=" " ind2=" "><marc:subfield code="a">Bibliography: p. 174-175.</marc:subfield></marc:datafield><marc:datafield tag="651" ind1=" " ind2="0"><marc:subfield code="a">Ayalan Cemetery Site (Ecuador)</marc:subfield></marc:datafield><marc:datafield tag="650" ind1=" " ind2="0"><marc:subfield code="a">Indians of South America</marc:subfield><marc:subfield code="x">Funeral customs and rites</marc:subfield><marc:subfield code="z">Ecuador.</marc:subfield></marc:datafield><marc:datafield tag="650" ind1=" " ind2="0"><marc:subfield code="a">Indians of South America</marc:subfield><marc:subfield code="z">Ecuador</marc:subfield><marc:subfield code="x">Anthropometry.</marc:subfield></marc:datafield><marc:datafield tag="650" ind1=" " ind2="0"><marc:subfield code="a">Urn burial</marc:subfield><marc:subfield code="z">Ecuador.</marc:subfield></marc:datafield><marc:datafield tag="035" ind1=" " ind2=" "><marc:subfield code="a">(TxDaGIAL)37741100011603</marc:subfield></marc:datafield><marc:controlfield tag="005">20080624154547.0</marc:controlfield><marc:controlfield tag="001">814</marc:controlfield><marc:controlfield tag="003">TxDaGIAL</marc:controlfield><marc:datafield tag="852" ind1=" " ind2=" "><marc:subfield code="p">37741100011603</marc:subfield><marc:subfield code="a">Library</marc:subfield><marc:subfield code="9">$0.00</marc:subfield><marc:subfield code="x">COPYID:923</marc:subfield><marc:subfield code="x">FSC@aRegular@c19971128</marc:subfield><marc:subfield code="h">986.63 U13 1981</marc:subfield><marc:subfield code="z">Exchange 6741</marc:subfield></marc:datafield></marc:record>