
<marc:record><marc:leader>01178nam a2200313 a 4500</marc:leader>
<marc:controlfield tag="008">850712s1984    miua     b   s000 0 eng  </marc:controlfield>
<marc:datafield tag="010" ind1=" " ind2=" "><marc:subfield code="a">   85178279</marc:subfield></marc:datafield><marc:datafield tag="020" ind1=" " ind2=" "><marc:subfield code="a">0915703025 (pbk.) :</marc:subfield><marc:subfield code="c">$15.00</marc:subfield></marc:datafield><marc:datafield tag="040" ind1=" " ind2=" "><marc:subfield code="a">DLC</marc:subfield><marc:subfield code="c">DLC</marc:subfield><marc:subfield code="d">DLC</marc:subfield></marc:datafield><marc:datafield tag="041" ind1="0" ind2=" "><marc:subfield code="a">eng</marc:subfield><marc:subfield code="b">spa</marc:subfield></marc:datafield><marc:datafield tag="043" ind1=" " ind2=" "><marc:subfield code="a">n-mx---</marc:subfield></marc:datafield><marc:datafield tag="050" ind1="0" ind2="0"><marc:subfield code="a">GN2</marc:subfield><marc:subfield code="b">.M52 no. 18</marc:subfield><marc:subfield code="a">F1219.76.P75</marc:subfield></marc:datafield><marc:datafield tag="082" ind1="0" ind2="0"><marc:subfield code="a">306 s</marc:subfield><marc:subfield code="a">321.06/09725</marc:subfield><marc:subfield code="2">19</marc:subfield></marc:datafield><marc:datafield tag="100" ind1="1" ind2="0"><marc:subfield code="a">Hodge, Mary G.</marc:subfield></marc:datafield><marc:datafield tag="245" ind1="1" ind2="0"><marc:subfield code="a">Aztec city-states /</marc:subfield><marc:subfield code="c">by Mary G. Hodge.</marc:subfield></marc:datafield><marc:datafield tag="260" ind1="0" ind2=" "><marc:subfield code="a">Ann Arbor :</marc:subfield><marc:subfield code="b">Museum of Anthropology, University of Michigan,</marc:subfield><marc:subfield code="c">1984.</marc:subfield></marc:datafield><marc:datafield tag="300" ind1=" " ind2=" "><marc:subfield code="a">xv, 166 p. :</marc:subfield><marc:subfield code="b">ill. ;</marc:subfield><marc:subfield code="c">27 cm.</marc:subfield></marc:datafield><marc:datafield tag="440" ind1=" " ind2="0"><marc:subfield code="a">Studies in Latin American ethnohistory &amp; archaeology ;</marc:subfield><marc:subfield code="v">v. 3</marc:subfield></marc:datafield><marc:datafield tag="440" ind1=" " ind2="0"><marc:subfield code="a">Memoirs of the Museum of Anthropology, University of Michigan ;</marc:subfield><marc:subfield code="v">no. 18</marc:subfield></marc:datafield><marc:datafield tag="500" ind1=" " ind2=" "><marc:subfield code="a">Summary in Spanish.</marc:subfield></marc:datafield><marc:datafield tag="500" ind1=" " ind2=" "><marc:subfield code="a">Revision of thesis (doctoral)--University of Michigan.</marc:subfield></marc:datafield><marc:datafield tag="504" ind1=" " ind2=" "><marc:subfield code="a">Includes bibliographies.</marc:subfield></marc:datafield><marc:datafield tag="650" ind1=" " ind2="0"><marc:subfield code="a">Aztecs</marc:subfield><marc:subfield code="x">Politics and government.</marc:subfield></marc:datafield><marc:datafield tag="650" ind1=" " ind2="0"><marc:subfield code="a">Indians of Mexico</marc:subfield><marc:subfield code="z">Mexico, Valley of</marc:subfield><marc:subfield code="x">Politics and government.</marc:subfield></marc:datafield><marc:datafield tag="035" ind1=" " ind2=" "><marc:subfield code="a">(TxDaGIAL)37741100019616</marc:subfield></marc:datafield><marc:controlfield tag="005">20080624154547.0</marc:controlfield><marc:controlfield tag="001">815</marc:controlfield><marc:controlfield tag="003">TxDaGIAL</marc:controlfield><marc:datafield tag="852" ind1=" " ind2=" "><marc:subfield code="p">37741100019616</marc:subfield><marc:subfield code="a">Library</marc:subfield><marc:subfield code="x">COPYID:924</marc:subfield><marc:subfield code="x">FSC@aRegular@c19970811</marc:subfield><marc:subfield code="h">306.20972 H688a 1984</marc:subfield></marc:datafield></marc:record>