
<marc:record><marc:leader>00994pam a2200289 a 4500</marc:leader>
<marc:controlfield tag="008">891130s1990    njua     b    00110 eng  </marc:controlfield>
<marc:datafield tag="010" ind1=" " ind2=" "><marc:subfield code="a">   89070142</marc:subfield></marc:datafield><marc:datafield tag="020" ind1=" " ind2=" "><marc:subfield code="a">0813515629 :</marc:subfield><marc:subfield code="c">$36.00 (est.)</marc:subfield></marc:datafield><marc:datafield tag="020" ind1=" " ind2=" "><marc:subfield code="a">0813515637 (pbk.) :</marc:subfield><marc:subfield code="c">$14.00 (est.)</marc:subfield></marc:datafield><marc:datafield tag="040" ind1=" " ind2=" "><marc:subfield code="a">DLC</marc:subfield><marc:subfield code="c">DLC</marc:subfield><marc:subfield code="d">DLC</marc:subfield><marc:subfield code="d">TxDaGIAL</marc:subfield></marc:datafield><marc:datafield tag="043" ind1=" " ind2=" "><marc:subfield code="a">n-mx---</marc:subfield></marc:datafield><marc:datafield tag="050" ind1="0" ind2="0"><marc:subfield code="a">F1219.76.M43</marc:subfield><marc:subfield code="b">O78 1990</marc:subfield></marc:datafield><marc:datafield tag="082" ind1="0" ind2="0"><marc:subfield code="a">972/.018</marc:subfield><marc:subfield code="2">20</marc:subfield></marc:datafield><marc:datafield tag="100" ind1="1" ind2="0"><marc:subfield code="a">Ortiz de Montellano, B.</marc:subfield><marc:subfield code="q">(Bernard)</marc:subfield></marc:datafield><marc:datafield tag="245" ind1="1" ind2="0"><marc:subfield code="a">Aztec medicine, health, and nutrition /</marc:subfield><marc:subfield code="c">Bernard R. Ortiz de Montellano.</marc:subfield></marc:datafield><marc:datafield tag="260" ind1="0" ind2=" "><marc:subfield code="a">New Brunswick :</marc:subfield><marc:subfield code="b">Rutgers University Press,</marc:subfield><marc:subfield code="c">c1990.</marc:subfield></marc:datafield><marc:datafield tag="300" ind1=" " ind2=" "><marc:subfield code="a">xvi, 308 p. :</marc:subfield><marc:subfield code="b">ill., maps ;</marc:subfield><marc:subfield code="c">24 cm.</marc:subfield></marc:datafield><marc:datafield tag="504" ind1=" " ind2=" "><marc:subfield code="a">Bibliography: p. [269]-292.</marc:subfield></marc:datafield><marc:datafield tag="500" ind1=" " ind2=" "><marc:subfield code="a">Includes index.</marc:subfield></marc:datafield><marc:datafield tag="650" ind1=" " ind2="0"><marc:subfield code="a">Aztecs</marc:subfield><marc:subfield code="x">Medicine.</marc:subfield></marc:datafield><marc:datafield tag="650" ind1=" " ind2="0"><marc:subfield code="a">Aztecs</marc:subfield><marc:subfield code="x">Food.</marc:subfield></marc:datafield><marc:datafield tag="650" ind1=" " ind2="0"><marc:subfield code="a">Aztecs</marc:subfield><marc:subfield code="x">Health and hygiene.</marc:subfield></marc:datafield><marc:datafield tag="035" ind1=" " ind2=" "><marc:subfield code="a">(TxDaGIAL)37741100008444</marc:subfield></marc:datafield><marc:controlfield tag="005">20080624154548.0</marc:controlfield><marc:controlfield tag="001">816</marc:controlfield><marc:controlfield tag="003">TxDaGIAL</marc:controlfield><marc:datafield tag="852" ind1=" " ind2=" "><marc:subfield code="p">37741100008444</marc:subfield><marc:subfield code="a">Library</marc:subfield><marc:subfield code="9">$14.00</marc:subfield><marc:subfield code="x">COPYID:925</marc:subfield><marc:subfield code="x">FSC@aRegular@c19950925</marc:subfield><marc:subfield code="h">972.018 O77a 1990</marc:subfield><marc:subfield code="z">12-91</marc:subfield></marc:datafield></marc:record>