
<marc:record><marc:leader>00779nam a2200217Ii 4500</marc:leader>
<marc:controlfield tag="008">740626 1963    dcua          0 0 0 eng c</marc:controlfield>
<marc:datafield tag="010" ind1=" " ind2=" "><marc:subfield code="a">63060923</marc:subfield></marc:datafield><marc:datafield tag="040" ind1=" " ind2=" "><marc:subfield code="a">Boston University</marc:subfield></marc:datafield><marc:datafield tag="050" ind1=" " ind2=" "><marc:subfield code="a">F802.A9</marc:subfield><marc:subfield code="b">C6</marc:subfield></marc:datafield><marc:datafield tag="100" ind1="1" ind2=" "><marc:subfield code="a">Corbett, John Maxwell,</marc:subfield><marc:subfield code="d">1913-</marc:subfield></marc:datafield><marc:datafield tag="245" ind1="1" ind2="0"><marc:subfield code="a">Aztec Ruins National Monument, New Mexico.</marc:subfield></marc:datafield><marc:datafield tag="260" ind1=" " ind2=" "><marc:subfield code="a">Washington :</marc:subfield><marc:subfield code="b">[U. S. Dept. of the Interior, National Park Service],</marc:subfield><marc:subfield code="c">1963.</marc:subfield></marc:datafield><marc:datafield tag="300" ind1=" " ind2=" "><marc:subfield code="a">66 p. :</marc:subfield><marc:subfield code="b">illus. ;</marc:subfield><marc:subfield code="c">24 cm.</marc:subfield></marc:datafield><marc:datafield tag="490" ind1="0" ind2=" "><marc:subfield code="a">National Park Service historical handbook series, no. 36.</marc:subfield></marc:datafield><marc:datafield tag="651" ind1=" " ind2="0"><marc:subfield code="a">Aztec Ruins National Monument (N.M.)</marc:subfield></marc:datafield><marc:datafield tag="650" ind1=" " ind2="0"><marc:subfield code="a">Pueblo Indians</marc:subfield><marc:subfield code="x">Antiquities.</marc:subfield></marc:datafield><marc:datafield tag="035" ind1=" " ind2=" "><marc:subfield code="a">(TxDaGIAL)37741100014928</marc:subfield></marc:datafield><marc:controlfield tag="005">20080624154548.0</marc:controlfield><marc:controlfield tag="001">817</marc:controlfield><marc:controlfield tag="003">TxDaGIAL</marc:controlfield><marc:datafield tag="852" ind1=" " ind2=" "><marc:subfield code="p">37741100014928</marc:subfield><marc:subfield code="a">Library</marc:subfield><marc:subfield code="x">COPYID:926</marc:subfield><marc:subfield code="x">FSC@aRegular@c19970205</marc:subfield><marc:subfield code="h">978.982 C789a 1963</marc:subfield></marc:datafield></marc:record>