
<marc:record><marc:leader>01793cam a2200349   4500</marc:leader>
<marc:controlfield tag="008">700929m19699999oku      b    000 0 eng  </marc:controlfield>
<marc:datafield tag="010" ind1=" " ind2=" "><marc:subfield code="a">   75630671 //r942</marc:subfield></marc:datafield><marc:datafield tag="040" ind1=" " ind2=" "><marc:subfield code="a">DLC</marc:subfield><marc:subfield code="c">DLC</marc:subfield><marc:subfield code="d">DLC</marc:subfield><marc:subfield code="d">TxDaGIAL</marc:subfield></marc:datafield><marc:datafield tag="050" ind1="0" ind2="0"><marc:subfield code="a">PM4063</marc:subfield><marc:subfield code="b">.S9</marc:subfield></marc:datafield><marc:datafield tag="082" ind1="0" ind2="0"><marc:subfield code="a">497/.9</marc:subfield></marc:datafield><marc:datafield tag="110" ind1="2" ind2="0"><marc:subfield code="a">Summer Institute of Linguistics.</marc:subfield></marc:datafield><marc:datafield tag="245" ind1="1" ind2="0"><marc:subfield code="a">Aztec studies /</marc:subfield><marc:subfield code="c">edited by Dow F. Robinson.</marc:subfield></marc:datafield><marc:datafield tag="250" ind1=" " ind2=" "><marc:subfield code="a">[1. ed.].</marc:subfield></marc:datafield><marc:datafield tag="260" ind1="1" ind2=" "><marc:subfield code="a">Norman, Okla.,</marc:subfield><marc:subfield code="c">[1969-&lt;1970   &gt;.</marc:subfield></marc:datafield><marc:datafield tag="300" ind1=" " ind2=" "><marc:subfield code="a">v. &lt;1-2   &gt; :</marc:subfield><marc:subfield code="b">map. ;</marc:subfield><marc:subfield code="c">23 cm.</marc:subfield></marc:datafield><marc:datafield tag="440" ind1=" " ind2="0"><marc:subfield code="a">Summer Institute of Linguistics publications in linguistics and related fields, publication ;</marc:subfield><marc:subfield code="v">no. 19</marc:subfield></marc:datafield><marc:datafield tag="440" ind1=" " ind2="0"><marc:subfield code="a">Summer Institute of Linguistics publications in linguistics and related fields, publication ;</marc:subfield><marc:subfield code="v">no. 22</marc:subfield></marc:datafield><marc:datafield tag="504" ind1=" " ind2=" "><marc:subfield code="a">Includes bibliographical references.</marc:subfield></marc:datafield><marc:datafield tag="505" ind1="1" ind2=" "><marc:subfield code="a">1. Phonological and grammatical studies in modern Nahuatl dialects / with articles by Forrest Brewer and others -- 2. Sierra Nahuat word structure / by Dow Frederick Robinson.</marc:subfield></marc:datafield><marc:datafield tag="650" ind1=" " ind2="0"><marc:subfield code="a">Nahuatl language</marc:subfield><marc:subfield code="x">Grammar.</marc:subfield></marc:datafield><marc:datafield tag="700" ind1="1" ind2="0"><marc:subfield code="a">Brewer, Forrest.</marc:subfield></marc:datafield><marc:datafield tag="700" ind1="1" ind2="0"><marc:subfield code="a">Robinson, Dow Frederick,</marc:subfield><marc:subfield code="e">ed.</marc:subfield></marc:datafield><marc:datafield tag="035" ind1=" " ind2=" "><marc:subfield code="a">(TxDaGIAL)37741100012635</marc:subfield></marc:datafield><marc:controlfield tag="005">20080624154548.0</marc:controlfield><marc:controlfield tag="001">818</marc:controlfield><marc:controlfield tag="003">TxDaGIAL</marc:controlfield><marc:datafield tag="852" ind1=" " ind2=" "><marc:subfield code="p">37741100012635</marc:subfield><marc:subfield code="a">Library</marc:subfield><marc:subfield code="x">COPYID:927</marc:subfield><marc:subfield code="x">FSC@aRegular@c19960718</marc:subfield><marc:subfield code="h">497.452 A997r vol.1 1969</marc:subfield><marc:subfield code="z">3000</marc:subfield></marc:datafield><marc:datafield tag="852" ind1=" " ind2=" "><marc:subfield code="p">37741100012636</marc:subfield><marc:subfield code="a">Library</marc:subfield><marc:subfield code="x">COPYID:928</marc:subfield><marc:subfield code="x">FSC@aRegular@c19960718</marc:subfield><marc:subfield code="h">497.452 A997r vol.1 1969</marc:subfield><marc:subfield code="z">2999</marc:subfield></marc:datafield><marc:datafield tag="852" ind1=" " ind2=" "><marc:subfield code="p">37741100012637</marc:subfield><marc:subfield code="a">Library</marc:subfield><marc:subfield code="x">COPYID:929</marc:subfield><marc:subfield code="x">FSC@aRegular@c19960718</marc:subfield><marc:subfield code="h">497.452 A997r vol.1 1969</marc:subfield><marc:subfield code="z">1442</marc:subfield></marc:datafield><marc:datafield tag="852" ind1=" " ind2=" "><marc:subfield code="p">37741100012638</marc:subfield><marc:subfield code="a">Library</marc:subfield><marc:subfield code="x">COPYID:930</marc:subfield><marc:subfield code="x">FSC@aRegular@c19960718</marc:subfield><marc:subfield code="h">497.452 A997r vol.2 1970</marc:subfield><marc:subfield code="z">3146</marc:subfield></marc:datafield><marc:datafield tag="852" ind1=" " ind2=" "><marc:subfield code="p">37741100012639</marc:subfield><marc:subfield code="a">Library</marc:subfield><marc:subfield code="x">COPYID:931</marc:subfield><marc:subfield code="x">FSC@aRegular@c19960718</marc:subfield><marc:subfield code="h">497.452 A997r vol.2 1970</marc:subfield><marc:subfield code="z">3147</marc:subfield></marc:datafield><marc:datafield tag="852" ind1=" " ind2=" "><marc:subfield code="p">37741100012640</marc:subfield><marc:subfield code="a">Library</marc:subfield><marc:subfield code="x">COPYID:932</marc:subfield><marc:subfield code="x">FSC@aRegular@c19960718</marc:subfield><marc:subfield code="h">497.452 A997r vol.2 1970</marc:subfield><marc:subfield code="z">1443</marc:subfield></marc:datafield></marc:record>