
<marc:record><marc:leader>00755nam a2200205Ii 4500</marc:leader>
<marc:controlfield tag="008">760519s1941    ctua     b    000 0 eng d</marc:controlfield>
<marc:datafield tag="040" ind1=" " ind2=" "><marc:subfield code="a">YSM</marc:subfield><marc:subfield code="c">YSM</marc:subfield></marc:datafield><marc:datafield tag="100" ind1="1" ind2=" "><marc:subfield code="a">Vaillant, George Clapp,</marc:subfield><marc:subfield code="d">1901-1945.</marc:subfield></marc:datafield><marc:datafield tag="245" ind1="1" ind2="0"><marc:subfield code="a">Aztecs of Mexico :</marc:subfield><marc:subfield code="b">origin, rise and fall of the Aztec nation /</marc:subfield><marc:subfield code="c">by George C. Vaillant.</marc:subfield></marc:datafield><marc:datafield tag="260" ind1=" " ind2=" "><marc:subfield code="a">Garden City, N.Y. :</marc:subfield><marc:subfield code="b">Doubleday, Doran,</marc:subfield><marc:subfield code="c">[1941].</marc:subfield></marc:datafield><marc:datafield tag="300" ind1=" " ind2=" "><marc:subfield code="a">xxii, 340 p. :</marc:subfield><marc:subfield code="b">ill., map.</marc:subfield></marc:datafield><marc:datafield tag="490" ind1="0" ind2=" "><marc:subfield code="a">The American Museum of Natural History. Science series.</marc:subfield></marc:datafield><marc:datafield tag="504" ind1=" " ind2=" "><marc:subfield code="a">Bibliography: p. 299-325.</marc:subfield></marc:datafield><marc:datafield tag="650" ind1=" " ind2="0"><marc:subfield code="a">Aztecs.</marc:subfield></marc:datafield><marc:datafield tag="651" ind1=" " ind2="0"><marc:subfield code="a">Mexico</marc:subfield><marc:subfield code="x">History</marc:subfield><marc:subfield code="y">To 1519.</marc:subfield></marc:datafield><marc:datafield tag="035" ind1=" " ind2=" "><marc:subfield code="a">(TxDaGIAL)37741100015252</marc:subfield></marc:datafield><marc:controlfield tag="005">20080624154549.0</marc:controlfield><marc:controlfield tag="001">821</marc:controlfield><marc:controlfield tag="003">TxDaGIAL</marc:controlfield><marc:datafield tag="852" ind1=" " ind2=" "><marc:subfield code="p">37741100015252</marc:subfield><marc:subfield code="a">Library</marc:subfield><marc:subfield code="x">COPYID:935</marc:subfield><marc:subfield code="x">FSC@aRegular@c19970219</marc:subfield><marc:subfield code="h">972.018 V131a 1941</marc:subfield><marc:subfield code="z">747</marc:subfield></marc:datafield></marc:record>