
<marc:record><marc:leader>01203nam a2200289 a 4500</marc:leader>
<marc:controlfield tag="008">850515s1984    txua     b   s00010 eng  </marc:controlfield>
<marc:datafield tag="010" ind1=" " ind2=" "><marc:subfield code="a">   83051454</marc:subfield></marc:datafield><marc:datafield tag="020" ind1=" " ind2=" "><marc:subfield code="a">0883120941 (pbk.)</marc:subfield></marc:datafield><marc:datafield tag="040" ind1=" " ind2=" "><marc:subfield code="a">DLC</marc:subfield><marc:subfield code="c">DLC</marc:subfield></marc:datafield><marc:datafield tag="050" ind1="0" ind2=" "><marc:subfield code="a">PM664</marc:subfield><marc:subfield code="b">.S76 1984</marc:subfield></marc:datafield><marc:datafield tag="082" ind1="0" ind2=" "><marc:subfield code="a">497/.2</marc:subfield><marc:subfield code="2">19</marc:subfield></marc:datafield><marc:datafield tag="100" ind1="1" ind2="0"><marc:subfield code="a">Story, Gillian L.</marc:subfield></marc:datafield><marc:datafield tag="245" ind1="1" ind2="0"><marc:subfield code="a">Babine &amp; Carrier phonology :</marc:subfield><marc:subfield code="b">a historically oriented study /</marc:subfield><marc:subfield code="c">Gillian L. Story.</marc:subfield></marc:datafield><marc:datafield tag="260" ind1="0" ind2=" "><marc:subfield code="a">Dallas, TX :</marc:subfield><marc:subfield code="b">Summer Institute of Linguistics ;</marc:subfield><marc:subfield code="a">[Arlington, Tex.] :</marc:subfield><marc:subfield code="b">University of Texas at Arlington,</marc:subfield><marc:subfield code="c">1984.</marc:subfield></marc:datafield><marc:datafield tag="300" ind1=" " ind2=" "><marc:subfield code="a">x, 110 p. :</marc:subfield><marc:subfield code="b">ill. ;</marc:subfield><marc:subfield code="c">23 cm.</marc:subfield></marc:datafield><marc:datafield tag="440" ind1=" " ind2="0"><marc:subfield code="a">Summer Institute of Linguistics publications in linguistics ;</marc:subfield><marc:subfield code="v">70</marc:subfield></marc:datafield><marc:datafield tag="504" ind1=" " ind2=" "><marc:subfield code="a">Bibliography: p. 107-110.</marc:subfield></marc:datafield><marc:datafield tag="650" ind1=" " ind2="0"><marc:subfield code="a">Babine language</marc:subfield><marc:subfield code="x">Phonology.</marc:subfield></marc:datafield><marc:datafield tag="650" ind1=" " ind2="0"><marc:subfield code="a">Carrier language</marc:subfield><marc:subfield code="x">Phonology.</marc:subfield></marc:datafield><marc:datafield tag="740" ind1="0" ind2="1"><marc:subfield code="a">Babine and carrier phonology.</marc:subfield></marc:datafield><marc:datafield tag="035" ind1=" " ind2=" "><marc:subfield code="a">(TxDaGIAL)37741100003612</marc:subfield></marc:datafield><marc:controlfield tag="005">20080624154549.0</marc:controlfield><marc:controlfield tag="001">823</marc:controlfield><marc:controlfield tag="003">TxDaGIAL</marc:controlfield><marc:datafield tag="852" ind1=" " ind2=" "><marc:subfield code="p">37741100003612</marc:subfield><marc:subfield code="a">Library</marc:subfield><marc:subfield code="x">COPYID:937</marc:subfield><marc:subfield code="x">FSC@aRegular@c19950419</marc:subfield><marc:subfield code="h">497.246 S887b 1984</marc:subfield><marc:subfield code="z">10959</marc:subfield></marc:datafield><marc:datafield tag="852" ind1=" " ind2=" "><marc:subfield code="p">37741100003613</marc:subfield><marc:subfield code="a">Library</marc:subfield><marc:subfield code="x">COPYID:938</marc:subfield><marc:subfield code="x">FSC@aRegular@c19950419</marc:subfield><marc:subfield code="h">497.246 S887b 1984</marc:subfield><marc:subfield code="z">10960</marc:subfield></marc:datafield><marc:datafield tag="852" ind1=" " ind2=" "><marc:subfield code="p">37741100003614</marc:subfield><marc:subfield code="a">Library</marc:subfield><marc:subfield code="x">COPYID:939</marc:subfield><marc:subfield code="x">FSC@aRegular@c19950419</marc:subfield><marc:subfield code="h">497.246 S887b 1984</marc:subfield><marc:subfield code="z">10961</marc:subfield></marc:datafield></marc:record>