
<marc:record><marc:leader>00682nam a22001931  4500</marc:leader>
<marc:controlfield tag="008">950302s        mx            000 0 eng d</marc:controlfield>
<marc:datafield tag="040" ind1=" " ind2=" "><marc:subfield code="d">TxDaGIAL</marc:subfield><marc:subfield code="d">TxDaGIAL</marc:subfield></marc:datafield><marc:datafield tag="041" ind1="1" ind2=" "><marc:subfield code="a">eng</marc:subfield></marc:datafield><marc:datafield tag="100" ind1="1" ind2=" "><marc:subfield code="a">Bratcher, Robert G.</marc:subfield></marc:datafield><marc:datafield tag="245" ind1="1" ind2="0"><marc:subfield code="a">Background and text of the New Testament /</marc:subfield><marc:subfield code="c">lectures by Robert Bratcher.</marc:subfield></marc:datafield><marc:datafield tag="260" ind1=" " ind2=" "><marc:subfield code="a">Ixmiquilpan, Mexico,</marc:subfield><marc:subfield code="c">n.d.</marc:subfield></marc:datafield><marc:datafield tag="300" ind1=" " ind2=" "><marc:subfield code="a">168 p. ;</marc:subfield><marc:subfield code="c">29 cm.</marc:subfield></marc:datafield><marc:datafield tag="630" ind1="0" ind2="0"><marc:subfield code="a">Bible.</marc:subfield><marc:subfield code="p">N.T.</marc:subfield><marc:subfield code="x">Criticism, Textual.</marc:subfield></marc:datafield><marc:datafield tag="035" ind1=" " ind2=" "><marc:subfield code="a">(TxDaGIAL)37741100001811</marc:subfield></marc:datafield><marc:controlfield tag="005">20080624154549.0</marc:controlfield><marc:controlfield tag="001">825</marc:controlfield><marc:controlfield tag="003">TxDaGIAL</marc:controlfield><marc:datafield tag="852" ind1=" " ind2=" "><marc:subfield code="p">37741100001811</marc:subfield><marc:subfield code="a">Library</marc:subfield><marc:subfield code="x">COPYID:941</marc:subfield><marc:subfield code="x">FSC@aRegular@c19950302</marc:subfield><marc:subfield code="h">225.4 B824b</marc:subfield><marc:subfield code="z">7456</marc:subfield></marc:datafield><marc:datafield tag="852" ind1=" " ind2=" "><marc:subfield code="p">37741100001812</marc:subfield><marc:subfield code="a">Library</marc:subfield><marc:subfield code="x">COPYID:942</marc:subfield><marc:subfield code="x">FSC@aRegular@c19950302</marc:subfield><marc:subfield code="h">225.4 B824b</marc:subfield><marc:subfield code="z">7457</marc:subfield></marc:datafield></marc:record>