
<marc:record><marc:leader>00688cam a2200205Ii 4500</marc:leader>
<marc:controlfield tag="008">740719s1962    okua          000 0 eng  </marc:controlfield>
<marc:datafield tag="010" ind1=" " ind2=" "><marc:subfield code="a">62010770 /L</marc:subfield></marc:datafield><marc:datafield tag="040" ind1=" " ind2=" "><marc:subfield code="a">DLC</marc:subfield><marc:subfield code="c">WRM</marc:subfield><marc:subfield code="d">SER</marc:subfield></marc:datafield><marc:datafield tag="050" ind1=" " ind2=" "><marc:subfield code="a">E99.K5</marc:subfield><marc:subfield code="b">N9</marc:subfield></marc:datafield><marc:datafield tag="100" ind1="1" ind2=" "><marc:subfield code="a">Nye, Wilbur Sturtevant,</marc:subfield><marc:subfield code="d">1898-1970.</marc:subfield></marc:datafield><marc:datafield tag="245" ind1="1" ind2="0"><marc:subfield code="a">Bad medicine &amp; good :</marc:subfield><marc:subfield code="b">tales of the Kiowas. /</marc:subfield><marc:subfield code="c">With drawings by Nick Eggenhofer.</marc:subfield></marc:datafield><marc:datafield tag="250" ind1=" " ind2=" "><marc:subfield code="a">[1st ed.].</marc:subfield></marc:datafield><marc:datafield tag="260" ind1=" " ind2=" "><marc:subfield code="a">Norman :</marc:subfield><marc:subfield code="b">University of Oklahoma Press,</marc:subfield><marc:subfield code="c">[1962]</marc:subfield></marc:datafield><marc:datafield tag="300" ind1=" " ind2=" "><marc:subfield code="a">291 p. :</marc:subfield><marc:subfield code="b">illus. ;</marc:subfield><marc:subfield code="c">24 cm.</marc:subfield></marc:datafield><marc:datafield tag="650" ind1=" " ind2="0"><marc:subfield code="a">Kiowa Indians.</marc:subfield></marc:datafield><marc:datafield tag="035" ind1=" " ind2=" "><marc:subfield code="a">(TxDaGIAL)37741100015235</marc:subfield></marc:datafield><marc:controlfield tag="005">20080624154550.0</marc:controlfield><marc:controlfield tag="001">826</marc:controlfield><marc:controlfield tag="003">TxDaGIAL</marc:controlfield><marc:datafield tag="852" ind1=" " ind2=" "><marc:subfield code="p">37741100015235</marc:subfield><marc:subfield code="a">Library</marc:subfield><marc:subfield code="x">COPYID:943</marc:subfield><marc:subfield code="x">FSC@aRegular@c19970219</marc:subfield><marc:subfield code="h">970.00497 K56n 1962</marc:subfield><marc:subfield code="z">2322</marc:subfield></marc:datafield></marc:record>