
<marc:record><marc:leader>00933nam a2200253Ii 4500</marc:leader>
<marc:controlfield tag="008">790109s1977    cau      b    00010 eng d</marc:controlfield>
<marc:datafield tag="040" ind1=" " ind2=" "><marc:subfield code="a">GZN</marc:subfield><marc:subfield code="c">GZN</marc:subfield><marc:subfield code="d">BOS</marc:subfield></marc:datafield><marc:datafield tag="041" ind1="0" ind2=" "><marc:subfield code="a">engafa</marc:subfield></marc:datafield><marc:datafield tag="100" ind1="1" ind2="0"><marc:subfield code="a">Schuh, Russell G.</marc:subfield></marc:datafield><marc:datafield tag="245" ind1="1" ind2="0"><marc:subfield code="a">Bade/Ngizim determiner system /</marc:subfield><marc:subfield code="c">by Russell G. Schuh.</marc:subfield></marc:datafield><marc:datafield tag="260" ind1="0" ind2=" "><marc:subfield code="a">Malibu, Calif. :</marc:subfield><marc:subfield code="b">Undena Publications,</marc:subfield><marc:subfield code="c">1977.</marc:subfield></marc:datafield><marc:datafield tag="300" ind1=" " ind2=" "><marc:subfield code="a">74 p. ;</marc:subfield><marc:subfield code="c">28 cm.</marc:subfield></marc:datafield><marc:datafield tag="490" ind1="1" ind2=" "><marc:subfield code="a">Afroasiatic linguistics ;</marc:subfield><marc:subfield code="v">4:3</marc:subfield></marc:datafield><marc:datafield tag="490" ind1="0" ind2=" "><marc:subfield code="a">Monographic journals of the Near East.</marc:subfield></marc:datafield><marc:datafield tag="500" ind1=" " ind2=" "><marc:subfield code="a">Cover title.</marc:subfield></marc:datafield><marc:datafield tag="504" ind1=" " ind2=" "><marc:subfield code="a">Bibliography: p. 74.</marc:subfield></marc:datafield><marc:datafield tag="650" ind1=" " ind2="0"><marc:subfield code="a">Chadic languages</marc:subfield><marc:subfield code="x">Determiners.</marc:subfield></marc:datafield><marc:datafield tag="830" ind1=" " ind2="0"><marc:subfield code="a">Monographic journals of the Near East.</marc:subfield><marc:subfield code="p">Afroasiatic linguistics ;</marc:subfield><marc:subfield code="v">v. 4, issue 3.</marc:subfield></marc:datafield><marc:datafield tag="830" ind1=" " ind2="0"><marc:subfield code="a">Monographic journals of the Near East.</marc:subfield><marc:subfield code="p">Afroasiatic linguistics ;</marc:subfield><marc:subfield code="v">4:3.</marc:subfield></marc:datafield><marc:datafield tag="035" ind1=" " ind2=" "><marc:subfield code="a">(TxDaGIAL)37741100018540</marc:subfield></marc:datafield><marc:controlfield tag="005">20080624154550.0</marc:controlfield><marc:controlfield tag="001">827</marc:controlfield><marc:controlfield tag="003">TxDaGIAL</marc:controlfield><marc:datafield tag="852" ind1=" " ind2=" "><marc:subfield code="p">37741100018540</marc:subfield><marc:subfield code="a">Library</marc:subfield><marc:subfield code="x">COPYID:944</marc:subfield><marc:subfield code="x">FSC@aRegular@c19970523</marc:subfield><marc:subfield code="h">492 A258 4:3 1977</marc:subfield></marc:datafield></marc:record>