
<marc:record><marc:leader>00590nam a22001697a 4500</marc:leader>
<marc:controlfield tag="008">971010s1976    cou           000 0 eng d</marc:controlfield>
<marc:datafield tag="020" ind1=" " ind2=" "><marc:subfield code="a">0891080627</marc:subfield></marc:datafield><marc:datafield tag="040" ind1=" " ind2=" "><marc:subfield code="a">TxDaGIAL</marc:subfield><marc:subfield code="c">TxDaGIAL</marc:subfield></marc:datafield><marc:datafield tag="100" ind1="1" ind2=" "><marc:subfield code="a">Blake, Janet.</marc:subfield></marc:datafield><marc:datafield tag="245" ind1="1" ind2="0"><marc:subfield code="a">Bag of tricks :</marc:subfield><marc:subfield code="b">instructional activities &amp; games /</marc:subfield><marc:subfield code="c">Janet Blake, Susay Ryberg, Joan Sebastian.</marc:subfield></marc:datafield><marc:datafield tag="260" ind1=" " ind2=" "><marc:subfield code="a">Denver, Colo :</marc:subfield><marc:subfield code="b">Love Publishing,</marc:subfield><marc:subfield code="c">c1976.</marc:subfield></marc:datafield><marc:datafield tag="300" ind1=" " ind2=" "><marc:subfield code="a">128 p. :</marc:subfield><marc:subfield code="b">ill. ;</marc:subfield><marc:subfield code="c">28 cm.</marc:subfield></marc:datafield><marc:datafield tag="035" ind1=" " ind2=" "><marc:subfield code="a">(TxDaGIAL)37741100020987</marc:subfield></marc:datafield><marc:controlfield tag="005">20080624154550.0</marc:controlfield><marc:controlfield tag="001">828</marc:controlfield><marc:controlfield tag="003">TxDaGIAL</marc:controlfield><marc:datafield tag="852" ind1=" " ind2=" "><marc:subfield code="p">37741100020987</marc:subfield><marc:subfield code="a">Library</marc:subfield><marc:subfield code="x">COPYID:945</marc:subfield><marc:subfield code="x">FSC@aRegular@c19971017</marc:subfield><marc:subfield code="h">372.414 B636b 1976</marc:subfield><marc:subfield code="z">5856</marc:subfield></marc:datafield></marc:record>