
<marc:record><marc:leader>01025pam a2200265 a 4500</marc:leader>
<marc:controlfield tag="008">960521s1997    my ab    b    001 0 eng  </marc:controlfield>
<marc:datafield tag="010" ind1=" " ind2=" "><marc:subfield code="a">   96025624</marc:subfield></marc:datafield><marc:datafield tag="020" ind1=" " ind2=" "><marc:subfield code="a">9835600155</marc:subfield></marc:datafield><marc:datafield tag="040" ind1=" " ind2=" "><marc:subfield code="a">DLC</marc:subfield><marc:subfield code="c">DLC</marc:subfield><marc:subfield code="d">DLC</marc:subfield></marc:datafield><marc:datafield tag="043" ind1=" " ind2=" "><marc:subfield code="a">a-my---</marc:subfield></marc:datafield><marc:datafield tag="050" ind1="0" ind2="0"><marc:subfield code="a">DS597.335.B35</marc:subfield><marc:subfield code="b">S27 1997</marc:subfield></marc:datafield><marc:datafield tag="082" ind1="0" ind2="0"><marc:subfield code="a">959.5/300495</marc:subfield><marc:subfield code="2">20</marc:subfield></marc:datafield><marc:datafield tag="100" ind1="1" ind2=" "><marc:subfield code="a">Sather, Clifford.</marc:subfield></marc:datafield><marc:datafield tag="245" ind1="1" ind2="4"><marc:subfield code="a">The Bajau Laut :</marc:subfield><marc:subfield code="b">adaptation, history, and fate in a maritime fishing society of south-eastern Sabah /</marc:subfield><marc:subfield code="c">Clifford Sather.</marc:subfield></marc:datafield><marc:datafield tag="260" ind1=" " ind2=" "><marc:subfield code="a">Kuala Lumpur ;</marc:subfield><marc:subfield code="a">New York :</marc:subfield><marc:subfield code="b">Oxford University Press,</marc:subfield><marc:subfield code="c">1997.</marc:subfield></marc:datafield><marc:datafield tag="300" ind1=" " ind2=" "><marc:subfield code="a">xviii, 359 p. :</marc:subfield><marc:subfield code="b">ill., maps ;</marc:subfield><marc:subfield code="c">26 cm.</marc:subfield></marc:datafield><marc:datafield tag="440" ind1=" " ind2="0"><marc:subfield code="a">South-East Asian social science monographs</marc:subfield></marc:datafield><marc:datafield tag="504" ind1=" " ind2=" "><marc:subfield code="a">Includes bibliographical references (p. [344]-354) and index.</marc:subfield></marc:datafield><marc:datafield tag="650" ind1=" " ind2="0"><marc:subfield code="a">Bajau (Southeast Asian people)</marc:subfield><marc:subfield code="z">Malaysia</marc:subfield><marc:subfield code="z">Sabah.</marc:subfield></marc:datafield><marc:datafield tag="651" ind1=" " ind2="0"><marc:subfield code="a">Sabah</marc:subfield><marc:subfield code="x">Social life and customs.</marc:subfield></marc:datafield><marc:datafield tag="035" ind1=" " ind2=" "><marc:subfield code="a">(TxDaGIAL)37741100019371</marc:subfield></marc:datafield><marc:controlfield tag="005">20080624154550.0</marc:controlfield><marc:controlfield tag="001">829</marc:controlfield><marc:controlfield tag="003">TxDaGIAL</marc:controlfield><marc:datafield tag="852" ind1=" " ind2=" "><marc:subfield code="p">37741100019371</marc:subfield><marc:subfield code="a">Library</marc:subfield><marc:subfield code="9">$58.24</marc:subfield><marc:subfield code="x">COPYID:946</marc:subfield><marc:subfield code="x">FSC@aRegular@c19970731</marc:subfield><marc:subfield code="h">959.53004 S253b 1997</marc:subfield></marc:datafield></marc:record>