
<marc:record><marc:leader>00963nam a2200253 a 4500</marc:leader>
<marc:controlfield tag="008">970514t19861985miu           000 0 eng d</marc:controlfield>
<marc:datafield tag="040" ind1=" " ind2=" "><marc:subfield code="a">TxDaGIAL</marc:subfield><marc:subfield code="c">TxDaGIAL</marc:subfield></marc:datafield><marc:datafield tag="100" ind1="1" ind2=" "><marc:subfield code="a">McKinney, Carol V.</marc:subfield></marc:datafield><marc:datafield tag="245" ind1="1" ind2="4"><marc:subfield code="a">The Bajju of Central Nigeria: a case study of religious and social change /</marc:subfield><marc:subfield code="c">by Carol Virginia McKinney.</marc:subfield></marc:datafield><marc:datafield tag="260" ind1=" " ind2=" "><marc:subfield code="c">1985.</marc:subfield></marc:datafield><marc:datafield tag="300" ind1=" " ind2=" "><marc:subfield code="a">xviii, 517 p. :</marc:subfield><marc:subfield code="b">maps, charts ;</marc:subfield><marc:subfield code="c">21 cm.</marc:subfield></marc:datafield><marc:datafield tag="502" ind1=" " ind2=" "><marc:subfield code="a">Thesis (Ph.D.)--Southern Methodist University, 1985.</marc:subfield></marc:datafield><marc:datafield tag="504" ind1=" " ind2=" "><marc:subfield code="a">Bibliography: p. 489-517.</marc:subfield></marc:datafield><marc:datafield tag="533" ind1=" " ind2=" "><marc:subfield code="a">Facsim.</marc:subfield><marc:subfield code="b">Ann Arbor, Mich. :</marc:subfield><marc:subfield code="c">University Microfilms,</marc:subfield><marc:subfield code="d">1986.</marc:subfield></marc:datafield><marc:datafield tag="650" ind1=" " ind2="0"><marc:subfield code="a">Conversion.</marc:subfield></marc:datafield><marc:datafield tag="650" ind1=" " ind2="0"><marc:subfield code="a">Kaje language.</marc:subfield></marc:datafield><marc:datafield tag="650" ind1=" " ind2="0"><marc:subfield code="a">Culture diffusion.</marc:subfield></marc:datafield><marc:datafield tag="651" ind1=" " ind2="0"><marc:subfield code="a">Nigeria</marc:subfield><marc:subfield code="x">Social conditions.</marc:subfield></marc:datafield><marc:datafield tag="610" ind1="2" ind2="0"><marc:subfield code="a">Southern Methodist University.</marc:subfield><marc:subfield code="b">Dedman College</marc:subfield><marc:subfield code="x">Dissertations.</marc:subfield></marc:datafield><marc:datafield tag="035" ind1=" " ind2=" "><marc:subfield code="a">(TxDaGIAL)37741100017727</marc:subfield></marc:datafield><marc:controlfield tag="005">20080624154550.0</marc:controlfield><marc:controlfield tag="001">830</marc:controlfield><marc:controlfield tag="003">TxDaGIAL</marc:controlfield><marc:datafield tag="852" ind1=" " ind2=" "><marc:subfield code="p">37741100017727</marc:subfield><marc:subfield code="a">Library</marc:subfield><marc:subfield code="x">COPYID:947</marc:subfield><marc:subfield code="x">FSC@aRegular@c19970515</marc:subfield><marc:subfield code="h">303.40966 M158b 1985</marc:subfield><marc:subfield code="z">11965</marc:subfield></marc:datafield></marc:record>