
<marc:record><marc:leader>00802cam a2200217 a 4500</marc:leader>
<marc:controlfield tag="008">930429s1992    enko     e    001 0 eng d</marc:controlfield>
<marc:datafield tag="020" ind1=" " ind2=" "><marc:subfield code="a">0801043611</marc:subfield></marc:datafield><marc:datafield tag="035" ind1=" " ind2=" "><marc:subfield code="a">CUJH93-B464</marc:subfield></marc:datafield><marc:datafield tag="035" ind1=" " ind2=" "><marc:subfield code="a">(CStRLIN)CUJH93-B464</marc:subfield></marc:datafield><marc:datafield tag="040" ind1=" " ind2=" "><marc:subfield code="a">CLJ</marc:subfield><marc:subfield code="c">CLJ</marc:subfield></marc:datafield><marc:datafield tag="100" ind1="1" ind2=" "><marc:subfield code="a">Hepper, F. N.</marc:subfield></marc:datafield><marc:datafield tag="245" ind1="1" ind2="0"><marc:subfield code="a">Baker encyclopedia of Bible plants :</marc:subfield><marc:subfield code="b">flowers and trees, fruits and vegetables, ecology /</marc:subfield><marc:subfield code="c">F. Nigel Hepper.</marc:subfield></marc:datafield><marc:datafield tag="260" ind1=" " ind2=" "><marc:subfield code="a">Grand Rapids, Mich. :</marc:subfield><marc:subfield code="b">Baker Book House,</marc:subfield><marc:subfield code="c">c. 1992.</marc:subfield></marc:datafield><marc:datafield tag="300" ind1=" " ind2=" "><marc:subfield code="a">192 p. : col. ill. ;</marc:subfield><marc:subfield code="c">27 cm.</marc:subfield></marc:datafield><marc:datafield tag="500" ind1=" " ind2=" "><marc:subfield code="a">Includes bibliographical references (p. 188-189) and indexes.</marc:subfield></marc:datafield><marc:datafield tag="650" ind1=" " ind2="0"><marc:subfield code="a">Plants in the Bible.</marc:subfield></marc:datafield><marc:datafield tag="035" ind1=" " ind2=" "><marc:subfield code="a">(TxDaGIAL)37741200000123</marc:subfield></marc:datafield><marc:controlfield tag="005">20080624154550.0</marc:controlfield><marc:controlfield tag="001">831</marc:controlfield><marc:controlfield tag="003">TxDaGIAL</marc:controlfield><marc:datafield tag="852" ind1=" " ind2=" "><marc:subfield code="p">37741200000123</marc:subfield><marc:subfield code="a">Library</marc:subfield><marc:subfield code="9">$21.74</marc:subfield><marc:subfield code="x">COPYID:948</marc:subfield><marc:subfield code="x">FSC@aReference@c19961017</marc:subfield><marc:subfield code="h">REF 220.8 H529B 1992</marc:subfield><marc:subfield code="z">B/T 3-94</marc:subfield></marc:datafield></marc:record>