
<marc:record><marc:leader>01977Qam a2200349 a 4500</marc:leader>
<marc:controlfield tag="008">821028s1975    mx a     b    100 0 spa d</marc:controlfield>
<marc:datafield tag="035" ind1=" " ind2=" "><marc:subfield code="a">(CU-UC)9933513</marc:subfield></marc:datafield><marc:datafield tag="040" ind1=" " ind2=" "><marc:subfield code="a">TOZ</marc:subfield><marc:subfield code="c">TOZ</marc:subfield><marc:subfield code="d">CU-SC</marc:subfield></marc:datafield><marc:datafield tag="110" ind1="2" ind2=" "><marc:subfield code="a">Sociedad Mexicana de Antropologa.</marc:subfield><marc:subfield code="b">Mesa Redonda</marc:subfield><marc:subfield code="n">(13th :</marc:subfield><marc:subfield code="d">1973 :</marc:subfield><marc:subfield code="c">Xalapa, Mexico)</marc:subfield></marc:datafield><marc:datafield tag="245" ind1="1" ind2="0"><marc:subfield code="a">Balance y perspectiva de la antropologa en Mesoamerica y del centro de Mexico /</marc:subfield><marc:subfield code="c">Sociedad Mexicana de Anthropologa, XIII Mesa Redonda.</marc:subfield></marc:datafield><marc:datafield tag="260" ind1=" " ind2=" "><marc:subfield code="a">Mexico :</marc:subfield><marc:subfield code="b">Sociedad Mexicana de Antropologa, 1975.</marc:subfield></marc:datafield><marc:datafield tag="300" ind1=" " ind2=" "><marc:subfield code="a">5 v. :</marc:subfield><marc:subfield code="b">ill. ;</marc:subfield><marc:subfield code="c">27 cm.</marc:subfield></marc:datafield><marc:datafield tag="500" ind1=" " ind2=" "><marc:subfield code="a">Cover title.</marc:subfield></marc:datafield><marc:datafield tag="500" ind1=" " ind2=" "><marc:subfield code="a">Proceedings of the 13th Mesa Redonda of the Sociedad Mexicana de Antropologa.</marc:subfield></marc:datafield><marc:datafield tag="500" ind1=" " ind2=" "><marc:subfield code="a">Vols. [2] - [5] have title: Balance y perspectiva de la antropologa de Mesoamrica y del norte de Mexico.</marc:subfield></marc:datafield><marc:datafield tag="504" ind1=" " ind2=" "><marc:subfield code="a">Includes bibliographical references.</marc:subfield></marc:datafield><marc:datafield tag="505" ind1="0" ind2=" "><marc:subfield code="a">[1] Arqueologa I -- [2] Arqueologa II -- [3] Etnologa y antropologa social -- [4] Antropologa fisica, lingistica cdices -- [5] Historia, religin escuelas.</marc:subfield></marc:datafield><marc:datafield tag="546" ind1=" " ind2=" "><marc:subfield code="a">Spanish.</marc:subfield></marc:datafield><marc:datafield tag="650" ind1=" " ind2="0"><marc:subfield code="a">Indians of Mexico</marc:subfield><marc:subfield code="x">Antiquities</marc:subfield><marc:subfield code="v">Congresses.</marc:subfield></marc:datafield><marc:datafield tag="650" ind1=" " ind2="0"><marc:subfield code="a">Indians of Mexico</marc:subfield><marc:subfield code="v">Congresses.</marc:subfield></marc:datafield><marc:datafield tag="650" ind1=" " ind2="0"><marc:subfield code="a">Ethnology</marc:subfield><marc:subfield code="z">Mexico</marc:subfield><marc:subfield code="v">Congresses.</marc:subfield></marc:datafield><marc:datafield tag="650" ind1=" " ind2="0"><marc:subfield code="a">Anthropology</marc:subfield><marc:subfield code="z">Mexico</marc:subfield><marc:subfield code="v">Congresses.</marc:subfield></marc:datafield><marc:datafield tag="740" ind1="0" ind2="1"><marc:subfield code="a">Balance y perspectiva de la antropologa de Mesoamrica y del norte de Mexico.</marc:subfield></marc:datafield><marc:datafield tag="035" ind1=" " ind2=" "><marc:subfield code="a">(TxDaGIAL)37741100016859</marc:subfield></marc:datafield><marc:controlfield tag="005">20080624154551.0</marc:controlfield><marc:controlfield tag="001">833</marc:controlfield><marc:controlfield tag="003">TxDaGIAL</marc:controlfield><marc:datafield tag="852" ind1=" " ind2=" "><marc:subfield code="p">37741100016859</marc:subfield><marc:subfield code="a">Library</marc:subfield><marc:subfield code="x">COPYID:950</marc:subfield><marc:subfield code="x">FSC@aRegular@c19970416</marc:subfield><marc:subfield code="h">972.000497 S678 vol.1 1975</marc:subfield><marc:subfield code="z">1705</marc:subfield></marc:datafield><marc:datafield tag="852" ind1=" " ind2=" "><marc:subfield code="p">37741100016860</marc:subfield><marc:subfield code="a">Library</marc:subfield><marc:subfield code="x">COPYID:951</marc:subfield><marc:subfield code="x">FSC@aRegular@c19970416</marc:subfield><marc:subfield code="h">972.000497 S678 vol.2 1975</marc:subfield><marc:subfield code="z">1704</marc:subfield></marc:datafield><marc:datafield tag="852" ind1=" " ind2=" "><marc:subfield code="p">37741100016861</marc:subfield><marc:subfield code="a">Library</marc:subfield><marc:subfield code="x">COPYID:952</marc:subfield><marc:subfield code="x">FSC@aRegular@c19970416</marc:subfield><marc:subfield code="h">972.000497 S678 vol.3 1975</marc:subfield><marc:subfield code="z">1707</marc:subfield></marc:datafield><marc:datafield tag="852" ind1=" " ind2=" "><marc:subfield code="p">37741100016862</marc:subfield><marc:subfield code="a">Library</marc:subfield><marc:subfield code="x">COPYID:953</marc:subfield><marc:subfield code="x">FSC@aRegular@c19970416</marc:subfield><marc:subfield code="h">972.000497 S678 vol.4 1975</marc:subfield><marc:subfield code="z">1706</marc:subfield></marc:datafield><marc:datafield tag="852" ind1=" " ind2=" "><marc:subfield code="p">37741100016863</marc:subfield><marc:subfield code="a">Library</marc:subfield><marc:subfield code="x">COPYID:954</marc:subfield><marc:subfield code="x">FSC@aRegular@c19970416</marc:subfield><marc:subfield code="h">972.000497 S678 vol.5 1975</marc:subfield><marc:subfield code="z">1703</marc:subfield></marc:datafield></marc:record>