
<marc:record><marc:leader>00713pam a2200217 a 4500</marc:leader>
<marc:controlfield tag="008">821216s1983    orua          00010 eng  </marc:controlfield>
<marc:datafield tag="010" ind1=" " ind2=" "><marc:subfield code="a">   82024581</marc:subfield></marc:datafield><marc:datafield tag="020" ind1=" " ind2=" "><marc:subfield code="a">0880700122 (pbk.) :</marc:subfield><marc:subfield code="c">$4.95</marc:subfield></marc:datafield><marc:datafield tag="040" ind1=" " ind2=" "><marc:subfield code="a">DLC</marc:subfield><marc:subfield code="c">DLC</marc:subfield></marc:datafield><marc:datafield tag="050" ind1="0" ind2=" "><marc:subfield code="a">BV4501.2</marc:subfield><marc:subfield code="b">.H625 1983</marc:subfield></marc:datafield><marc:datafield tag="082" ind1="0" ind2=" "><marc:subfield code="a">248.4</marc:subfield><marc:subfield code="2">19</marc:subfield></marc:datafield><marc:datafield tag="100" ind1="1" ind2="0"><marc:subfield code="a">Howard, J. Grant.</marc:subfield></marc:datafield><marc:datafield tag="245" ind1="1" ind2="0"><marc:subfield code="a">Balancing life's demands :</marc:subfield><marc:subfield code="b">a new perspective on priorities /</marc:subfield><marc:subfield code="c">J. Grant Howard.</marc:subfield></marc:datafield><marc:datafield tag="260" ind1="0" ind2=" "><marc:subfield code="a">Portland, Or :</marc:subfield><marc:subfield code="b">Multnomah Press,</marc:subfield><marc:subfield code="c">c1983.</marc:subfield></marc:datafield><marc:datafield tag="300" ind1=" " ind2=" "><marc:subfield code="a">160 p. :</marc:subfield><marc:subfield code="b">ill. ;</marc:subfield><marc:subfield code="c">22 cm.</marc:subfield></marc:datafield><marc:datafield tag="650" ind1=" " ind2="0"><marc:subfield code="a">Christian life.</marc:subfield></marc:datafield><marc:datafield tag="035" ind1=" " ind2=" "><marc:subfield code="a">(TxDaGIAL)37741100003331</marc:subfield></marc:datafield><marc:controlfield tag="005">20080624154551.0</marc:controlfield><marc:controlfield tag="001">834</marc:controlfield><marc:controlfield tag="003">TxDaGIAL</marc:controlfield><marc:datafield tag="852" ind1=" " ind2=" "><marc:subfield code="p">37741100003331</marc:subfield><marc:subfield code="a">Library</marc:subfield><marc:subfield code="9">$4.95</marc:subfield><marc:subfield code="x">COPYID:955</marc:subfield><marc:subfield code="x">FSC@aRegular@c19950410</marc:subfield><marc:subfield code="h">248.4 H849b 1983</marc:subfield><marc:subfield code="z">13218</marc:subfield></marc:datafield></marc:record>