
<marc:record><marc:leader>00943nam a2200253 a 4500</marc:leader>
<marc:controlfield tag="008">930806s1993    ii a     b    001 0 eng  </marc:controlfield>
<marc:datafield tag="010" ind1=" " ind2=" "><marc:subfield code="a">   93901144</marc:subfield></marc:datafield><marc:datafield tag="020" ind1=" " ind2=" "><marc:subfield code="a">812120402X :</marc:subfield><marc:subfield code="c">Rs140.00</marc:subfield></marc:datafield><marc:datafield tag="025" ind1=" " ind2=" "><marc:subfield code="a">I-E-71193</marc:subfield></marc:datafield><marc:datafield tag="040" ind1=" " ind2=" "><marc:subfield code="a">DLC</marc:subfield><marc:subfield code="c">DLC</marc:subfield><marc:subfield code="d">DLC</marc:subfield></marc:datafield><marc:datafield tag="043" ind1=" " ind2=" "><marc:subfield code="a">a-ii---</marc:subfield></marc:datafield><marc:datafield tag="050" ind1="0" ind2="0"><marc:subfield code="a">DS432.B325</marc:subfield><marc:subfield code="b">R59 1993</marc:subfield></marc:datafield><marc:datafield tag="100" ind1="1" ind2=" "><marc:subfield code="a">Rizvi, B. R.</marc:subfield><marc:subfield code="q">(Baqr Raza),</marc:subfield><marc:subfield code="d">1942-</marc:subfield></marc:datafield><marc:datafield tag="245" ind1="1" ind2="4"><marc:subfield code="a">The Balti :</marc:subfield><marc:subfield code="b">a scheduled tribe of Jammu and Kashmir /</marc:subfield><marc:subfield code="c">B.R. Rizvi.</marc:subfield></marc:datafield><marc:datafield tag="260" ind1=" " ind2=" "><marc:subfield code="a">New Delhi :</marc:subfield><marc:subfield code="b">Gyan Pub. House,</marc:subfield><marc:subfield code="c">1993.</marc:subfield></marc:datafield><marc:datafield tag="300" ind1=" " ind2=" "><marc:subfield code="a">x, 123 p., [18] p. of plates :</marc:subfield><marc:subfield code="b">ill. ;</marc:subfield><marc:subfield code="c">23 cm.</marc:subfield></marc:datafield><marc:datafield tag="520" ind1=" " ind2=" "><marc:subfield code="a">With special reference to the Baltis in Kargil, India.</marc:subfield></marc:datafield><marc:datafield tag="504" ind1=" " ind2=" "><marc:subfield code="a">Includes bibliographical references (p. [118]-119) and index.</marc:subfield></marc:datafield><marc:datafield tag="650" ind1=" " ind2="0"><marc:subfield code="a">Balti (South Asian people)</marc:subfield><marc:subfield code="z">India</marc:subfield><marc:subfield code="z">Kargil.</marc:subfield></marc:datafield><marc:datafield tag="035" ind1=" " ind2=" "><marc:subfield code="a">(TxDaGIAL)37741100010723</marc:subfield></marc:datafield><marc:controlfield tag="005">20080624154551.0</marc:controlfield><marc:controlfield tag="001">837</marc:controlfield><marc:controlfield tag="003">TxDaGIAL</marc:controlfield><marc:datafield tag="852" ind1=" " ind2=" "><marc:subfield code="p">37741100010723</marc:subfield><marc:subfield code="a">Library</marc:subfield><marc:subfield code="9">$12.18</marc:subfield><marc:subfield code="x">COPYID:958</marc:subfield><marc:subfield code="x">FSC@aRegular@c19960410</marc:subfield><marc:subfield code="h">306.0954 R627b 1993</marc:subfield><marc:subfield code="z">B/T  3-96</marc:subfield></marc:datafield></marc:record>