
<marc:record><marc:leader>00871nam a2200229Ka 4500</marc:leader>
<marc:controlfield tag="008">880506s1981    ja           f00010 eng d</marc:controlfield>
<marc:datafield tag="035" ind1=" " ind2=" "><marc:subfield code="a">(CU-UC)dlaisn3495645</marc:subfield></marc:datafield><marc:datafield tag="040" ind1=" " ind2=" "><marc:subfield code="a">GZM</marc:subfield><marc:subfield code="c">GZM</marc:subfield><marc:subfield code="d">CUY</marc:subfield></marc:datafield><marc:datafield tag="041" ind1="0" ind2=" "><marc:subfield code="a">engbal</marc:subfield></marc:datafield><marc:datafield tag="100" ind1="1" ind2="0"><marc:subfield code="a">Nawata, Tetsuo.</marc:subfield></marc:datafield><marc:datafield tag="245" ind1="1" ind2="0"><marc:subfield code="a">Baluchi /</marc:subfield><marc:subfield code="c">by Tetsuo Nawata.</marc:subfield></marc:datafield><marc:datafield tag="260" ind1="0" ind2=" "><marc:subfield code="a">[Tokyo] :</marc:subfield><marc:subfield code="b">&quot;Bunp Kyd Kenky Project&quot;, Institute for the Study of Languages and Cultures of Asia and Africa, Tokyo University of Foreign Studies,</marc:subfield><marc:subfield code="c">1981.</marc:subfield></marc:datafield><marc:datafield tag="300" ind1=" " ind2=" "><marc:subfield code="a">46 leaves :</marc:subfield><marc:subfield code="b">map ;</marc:subfield><marc:subfield code="c">18 cm.</marc:subfield></marc:datafield><marc:datafield tag="490" ind1="1" ind2=" "><marc:subfield code="a">Asian and African grammatical manual ;</marc:subfield><marc:subfield code="v">no. 17b</marc:subfield></marc:datafield><marc:datafield tag="546" ind1=" " ind2=" "><marc:subfield code="a">English.</marc:subfield></marc:datafield><marc:datafield tag="650" ind1=" " ind2="0"><marc:subfield code="a">Baluchi language</marc:subfield><marc:subfield code="x">Grammar.</marc:subfield></marc:datafield><marc:datafield tag="830" ind1=" " ind2="0"><marc:subfield code="a">Asian and African grammatical manual ;</marc:subfield><marc:subfield code="v">no. 17b.</marc:subfield></marc:datafield><marc:datafield tag="035" ind1=" " ind2=" "><marc:subfield code="a">(TxDaGIAL)37741100014518</marc:subfield></marc:datafield><marc:controlfield tag="005">20080624154552.0</marc:controlfield><marc:controlfield tag="001">838</marc:controlfield><marc:controlfield tag="003">TxDaGIAL</marc:controlfield><marc:datafield tag="852" ind1=" " ind2=" "><marc:subfield code="p">37741100014518</marc:subfield><marc:subfield code="a">Library</marc:subfield><marc:subfield code="x">COPYID:959</marc:subfield><marc:subfield code="x">FSC@aRegular@c19970121</marc:subfield><marc:subfield code="h">491.598 N328b 1981</marc:subfield><marc:subfield code="z">11509</marc:subfield></marc:datafield></marc:record>