
<marc:record><marc:leader>00862cam a2200265 a 4500</marc:leader>
<marc:controlfield tag="008">760811s1974    ne a     b    00010 eng  </marc:controlfield>
<marc:datafield tag="010" ind1=" " ind2=" "><marc:subfield code="a">   76364098 //r862</marc:subfield></marc:datafield><marc:datafield tag="015" ind1=" " ind2=" "><marc:subfield code="a">Ne***</marc:subfield></marc:datafield><marc:datafield tag="020" ind1=" " ind2=" "><marc:subfield code="a">9004039635</marc:subfield></marc:datafield><marc:datafield tag="040" ind1=" " ind2=" "><marc:subfield code="a">DLC</marc:subfield><marc:subfield code="c">DLC</marc:subfield><marc:subfield code="d">DLC</marc:subfield><marc:subfield code="d">TxDaGIAL</marc:subfield></marc:datafield><marc:datafield tag="043" ind1=" " ind2=" "><marc:subfield code="a">f-ml---</marc:subfield></marc:datafield><marc:datafield tag="050" ind1="0" ind2=" "><marc:subfield code="a">BL2480.B26</marc:subfield><marc:subfield code="b">Z34</marc:subfield></marc:datafield><marc:datafield tag="082" ind1=" " ind2=" "><marc:subfield code="a">299/.6</marc:subfield></marc:datafield><marc:datafield tag="100" ind1="1" ind2="0"><marc:subfield code="a">Zahan, Dominique.</marc:subfield></marc:datafield><marc:datafield tag="245" ind1="1" ind2="4"><marc:subfield code="a">The Bambara /</marc:subfield><marc:subfield code="c">by Dominique Zahan.</marc:subfield></marc:datafield><marc:datafield tag="260" ind1="0" ind2=" "><marc:subfield code="a">Leiden :</marc:subfield><marc:subfield code="b">E. J. Brill,</marc:subfield><marc:subfield code="c">1974.</marc:subfield></marc:datafield><marc:datafield tag="300" ind1=" " ind2=" "><marc:subfield code="a">[8], 32 p., [21] leaves of plates :</marc:subfield><marc:subfield code="b">ill. ;</marc:subfield><marc:subfield code="c">26 cm.</marc:subfield></marc:datafield><marc:datafield tag="440" ind1=" " ind2="0"><marc:subfield code="a">Iconography of religions.</marc:subfield><marc:subfield code="n">Section VII,</marc:subfield><marc:subfield code="p">Africa ;</marc:subfield><marc:subfield code="v">fasc. 2</marc:subfield></marc:datafield><marc:datafield tag="504" ind1=" " ind2=" "><marc:subfield code="a">Bibliography: 7th prelim. page.</marc:subfield></marc:datafield><marc:datafield tag="650" ind1=" " ind2="0"><marc:subfield code="a">Bambara (African people)</marc:subfield><marc:subfield code="x">Religion.</marc:subfield></marc:datafield><marc:datafield tag="035" ind1=" " ind2=" "><marc:subfield code="a">(TxDaGIAL)37741100000946</marc:subfield></marc:datafield><marc:controlfield tag="005">20080624154552.0</marc:controlfield><marc:controlfield tag="001">839</marc:controlfield><marc:controlfield tag="003">TxDaGIAL</marc:controlfield><marc:datafield tag="852" ind1=" " ind2=" "><marc:subfield code="p">37741100000946</marc:subfield><marc:subfield code="a">Library</marc:subfield><marc:subfield code="x">COPYID:960</marc:subfield><marc:subfield code="x">FSC@aRegular@c19950104</marc:subfield><marc:subfield code="h">299.6 Z19b 1974</marc:subfield><marc:subfield code="z">8444</marc:subfield></marc:datafield></marc:record>