
<marc:record><marc:leader>00843Qam a2200241Ia 4500</marc:leader>
<marc:controlfield tag="008">770824s1977    inu      d    000 0 bam d</marc:controlfield>
<marc:datafield tag="035" ind1=" " ind2=" "><marc:subfield code="a">(CU-UC)810821</marc:subfield></marc:datafield><marc:datafield tag="040" ind1=" " ind2=" "><marc:subfield code="a">SOI</marc:subfield><marc:subfield code="c">SOI</marc:subfield><marc:subfield code="d">m.c.</marc:subfield><marc:subfield code="d">CU-SC</marc:subfield></marc:datafield><marc:datafield tag="041" ind1="0" ind2=" "><marc:subfield code="a">bameng</marc:subfield></marc:datafield><marc:datafield tag="100" ind1="1" ind2=" "><marc:subfield code="a">Bird, Charles S.</marc:subfield></marc:datafield><marc:datafield tag="245" ind1="1" ind2="0"><marc:subfield code="a">Bambara-English, English-Bambara student lexicon /</marc:subfield><marc:subfield code="c">Charles Bird, Mamadou Kant.</marc:subfield></marc:datafield><marc:datafield tag="260" ind1=" " ind2=" "><marc:subfield code="a">Bloomington, Ind. :</marc:subfield><marc:subfield code="b">Indiana University Linguistics Club,</marc:subfield><marc:subfield code="c">1977.</marc:subfield></marc:datafield><marc:datafield tag="300" ind1=" " ind2=" "><marc:subfield code="a">84 p. ;</marc:subfield><marc:subfield code="c">28 cm.</marc:subfield></marc:datafield><marc:datafield tag="546" ind1=" " ind2=" "><marc:subfield code="a">Bambara.</marc:subfield></marc:datafield><marc:datafield tag="650" ind1=" " ind2="0"><marc:subfield code="a">Bambara language</marc:subfield><marc:subfield code="v">Dictionaries</marc:subfield><marc:subfield code="x">English.</marc:subfield></marc:datafield><marc:datafield tag="650" ind1=" " ind2="0"><marc:subfield code="a">English language</marc:subfield><marc:subfield code="v">Dictionaries</marc:subfield><marc:subfield code="x">Bambara.</marc:subfield></marc:datafield><marc:datafield tag="700" ind1="1" ind2="0"><marc:subfield code="a">Kant, Mamadou.</marc:subfield></marc:datafield><marc:datafield tag="710" ind1="2" ind2="0"><marc:subfield code="a">Indiana University Linguistics Club.</marc:subfield></marc:datafield><marc:datafield tag="035" ind1=" " ind2=" "><marc:subfield code="a">(TxDaGIAL)37741100015608</marc:subfield></marc:datafield><marc:controlfield tag="005">20080624154552.0</marc:controlfield><marc:controlfield tag="001">840</marc:controlfield><marc:controlfield tag="003">TxDaGIAL</marc:controlfield><marc:datafield tag="852" ind1=" " ind2=" "><marc:subfield code="p">37741100015608</marc:subfield><marc:subfield code="a">Library</marc:subfield><marc:subfield code="x">COPYID:961</marc:subfield><marc:subfield code="x">FSC@aRegular@c19970305</marc:subfield><marc:subfield code="h">496.3452 B618b 1977</marc:subfield></marc:datafield></marc:record>