
<marc:record><marc:leader>01029nam a2200253 i 4500</marc:leader>
<marc:controlfield tag="008">770225r19771960vtua          00010 eng  </marc:controlfield>
<marc:datafield tag="010" ind1=" " ind2=" "><marc:subfield code="a">   75028971</marc:subfield></marc:datafield><marc:datafield tag="020" ind1=" " ind2=" "><marc:subfield code="a">0804811911 :</marc:subfield><marc:subfield code="c">$9.50</marc:subfield></marc:datafield><marc:datafield tag="040" ind1=" " ind2=" "><marc:subfield code="a">DLC</marc:subfield><marc:subfield code="c">DLC</marc:subfield></marc:datafield><marc:datafield tag="043" ind1=" " ind2=" "><marc:subfield code="a">a-th---</marc:subfield></marc:datafield><marc:datafield tag="050" ind1="1" ind2=" "><marc:subfield code="a">DS589.B19</marc:subfield><marc:subfield code="b">K38 1977</marc:subfield></marc:datafield><marc:datafield tag="082" ind1=" " ind2=" "><marc:subfield code="a">301.29/593</marc:subfield></marc:datafield><marc:datafield tag="100" ind1="1" ind2="0"><marc:subfield code="a">Kaufman, Howard Keva.</marc:subfield></marc:datafield><marc:datafield tag="245" ind1="1" ind2="0"><marc:subfield code="a">Bangkhuad :</marc:subfield><marc:subfield code="b">a community study in Thailand /</marc:subfield><marc:subfield code="c">Howard Keva Kaufman.</marc:subfield></marc:datafield><marc:datafield tag="260" ind1="0" ind2=" "><marc:subfield code="a">Rutland, Vt. :</marc:subfield><marc:subfield code="b">C. E. Tuttle Co.,</marc:subfield><marc:subfield code="c">1977.</marc:subfield></marc:datafield><marc:datafield tag="300" ind1=" " ind2=" "><marc:subfield code="a">viii, 251 p., [11] leaves of plates :</marc:subfield><marc:subfield code="b">ill. ;</marc:subfield><marc:subfield code="c">24 cm.</marc:subfield></marc:datafield><marc:datafield tag="500" ind1=" " ind2=" "><marc:subfield code="a">Reprint of the 1960 ed. published for the Association for Asian Studies by J. J. Augustin, Locust Valley, N.Y., which was issued as no. 10 of Monographs of the Association for Asian Studies.</marc:subfield></marc:datafield><marc:datafield tag="651" ind1=" " ind2="0"><marc:subfield code="a">Bang Khuat, Thailand.</marc:subfield></marc:datafield><marc:datafield tag="830" ind1=" " ind2="0"><marc:subfield code="a">Monographs of the Association for Asian Studies ;</marc:subfield><marc:subfield code="v">10.</marc:subfield></marc:datafield><marc:datafield tag="035" ind1=" " ind2=" "><marc:subfield code="a">(TxDaGIAL)37741100000703</marc:subfield></marc:datafield><marc:controlfield tag="005">20080624154552.0</marc:controlfield><marc:controlfield tag="001">843</marc:controlfield><marc:controlfield tag="003">TxDaGIAL</marc:controlfield><marc:datafield tag="852" ind1=" " ind2=" "><marc:subfield code="p">37741100000703</marc:subfield><marc:subfield code="a">Library</marc:subfield><marc:subfield code="x">COPYID:964</marc:subfield><marc:subfield code="x">FSC@aRegular@c19950411</marc:subfield><marc:subfield code="h">305.89591 K21b 1977</marc:subfield><marc:subfield code="z">8418</marc:subfield></marc:datafield></marc:record>