
<marc:record><marc:leader>01183cam a2200289 i 4500</marc:leader>
<marc:controlfield tag="008">750103s1974    miua     b    10010 eng  </marc:controlfield>
<marc:datafield tag="010" ind1=" " ind2=" "><marc:subfield code="a">   74004949 //r94</marc:subfield></marc:datafield><marc:datafield tag="040" ind1=" " ind2=" "><marc:subfield code="a">DLC</marc:subfield><marc:subfield code="c">DLC</marc:subfield><marc:subfield code="d">DLC</marc:subfield></marc:datafield><marc:datafield tag="041" ind1="1" ind2=" "><marc:subfield code="a">engger</marc:subfield></marc:datafield><marc:datafield tag="043" ind1=" " ind2=" "><marc:subfield code="a">a-th---</marc:subfield></marc:datafield><marc:datafield tag="050" ind1="0" ind2="0"><marc:subfield code="a">BV2020</marc:subfield><marc:subfield code="b">.W6513 1973z</marc:subfield></marc:datafield><marc:datafield tag="082" ind1="0" ind2="0"><marc:subfield code="a">266/.023</marc:subfield></marc:datafield><marc:datafield tag="100" ind1="1" ind2="0"><marc:subfield code="a">Beyerhaus, Peter.</marc:subfield></marc:datafield><marc:datafield tag="245" ind1="1" ind2="0"><marc:subfield code="a">Bangkok '73 :</marc:subfield><marc:subfield code="b">the beginning or end of world mission? /</marc:subfield><marc:subfield code="c">Peter Beyerhaus.</marc:subfield></marc:datafield><marc:datafield tag="260" ind1="0" ind2=" "><marc:subfield code="a">Grand Rapids :</marc:subfield><marc:subfield code="b">Zondervan Pub. House,</marc:subfield><marc:subfield code="c">c1974.</marc:subfield></marc:datafield><marc:datafield tag="300" ind1=" " ind2=" "><marc:subfield code="a">192 p. :</marc:subfield><marc:subfield code="b">ill. ;</marc:subfield><marc:subfield code="c">21 cm.</marc:subfield></marc:datafield><marc:datafield tag="440" ind1=" " ind2="0"><marc:subfield code="a">Contemporary evangelical perspectives</marc:subfield></marc:datafield><marc:datafield tag="500" ind1=" " ind2=" "><marc:subfield code="a">Translation of Bangkok '73.</marc:subfield></marc:datafield><marc:datafield tag="500" ind1=" " ind2=" "><marc:subfield code="a">Includes selections of the 8th World Missionary Conference, held in Bangkok under the auspices of the World Council of Churches, Dec. 29, 1972-Jan. 8, 1973.</marc:subfield></marc:datafield><marc:datafield tag="504" ind1=" " ind2=" "><marc:subfield code="a">Includes bibliographical references.</marc:subfield></marc:datafield><marc:datafield tag="611" ind1="2" ind2="0"><marc:subfield code="a">World Missionary Conference</marc:subfield><marc:subfield code="n">(8th :</marc:subfield><marc:subfield code="d">1972-1973 :</marc:subfield><marc:subfield code="c">Bangkok, Thailand)</marc:subfield></marc:datafield><marc:datafield tag="711" ind1="2" ind2="0"><marc:subfield code="a">World Missionary Conference</marc:subfield><marc:subfield code="n">(8th :</marc:subfield><marc:subfield code="d">1972-1973 :</marc:subfield><marc:subfield code="c">Bangkok, Thailand)</marc:subfield></marc:datafield><marc:datafield tag="035" ind1=" " ind2=" "><marc:subfield code="a">(TxDaGIAL)37741100006724</marc:subfield></marc:datafield><marc:controlfield tag="005">20080624154552.0</marc:controlfield><marc:controlfield tag="001">844</marc:controlfield><marc:controlfield tag="003">TxDaGIAL</marc:controlfield><marc:datafield tag="852" ind1=" " ind2=" "><marc:subfield code="p">37741100006724</marc:subfield><marc:subfield code="a">Library</marc:subfield><marc:subfield code="x">COPYID:965</marc:subfield><marc:subfield code="x">FSC@aRegular@c19950815</marc:subfield><marc:subfield code="h">266.023 B573b 1973</marc:subfield><marc:subfield code="z">10076</marc:subfield></marc:datafield></marc:record>