
<marc:record><marc:leader>01342cam a2200289 a 4500</marc:leader>
<marc:controlfield tag="008">870501s1984    th       b    000 0 engo </marc:controlfield>
<marc:datafield tag="010" ind1=" " ind2=" "><marc:subfield code="a">   87915608 /SA</marc:subfield></marc:datafield><marc:datafield tag="040" ind1=" " ind2=" "><marc:subfield code="a">DLC</marc:subfield><marc:subfield code="c">DLC</marc:subfield><marc:subfield code="d">DLC</marc:subfield></marc:datafield><marc:datafield tag="041" ind1="0" ind2=" "><marc:subfield code="a">engtha</marc:subfield></marc:datafield><marc:datafield tag="043" ind1=" " ind2=" "><marc:subfield code="a">a-th---</marc:subfield></marc:datafield><marc:datafield tag="050" ind1="0" ind2="0"><marc:subfield code="a">Z7004.L54</marc:subfield><marc:subfield code="b">T4713 1984</marc:subfield><marc:subfield code="a">P119.315</marc:subfield></marc:datafield><marc:datafield tag="100" ind1="0" ind2="0"><marc:subfield code="a">Theraphan L. Thongkum.</marc:subfield></marc:datafield><marc:datafield tag="240" ind1="1" ind2="0"><marc:subfield code="a">Bannnukrom phs chon klumni nai Pratht Thai.</marc:subfield><marc:subfield code="l">English &amp; Thai</marc:subfield></marc:datafield><marc:datafield tag="245" ind1="1" ind2="0"><marc:subfield code="a">Bannnukrom phs chon klumni nai Pratht Thai /</marc:subfield><marc:subfield code="c">phrapram, Thraphan L. Thngkham = Bibliography of minority languages of Thailand / compiler, Theraphan L. Thongkum.</marc:subfield></marc:datafield><marc:datafield tag="260" ind1="0" ind2=" "><marc:subfield code="a">Bangkok :</marc:subfield><marc:subfield code="b">[s.n.],</marc:subfield><marc:subfield code="c">1984</marc:subfield><marc:subfield code="e">(Bangkok :</marc:subfield><marc:subfield code="f">Thepmongkol Karnphim)</marc:subfield></marc:datafield><marc:datafield tag="300" ind1=" " ind2=" "><marc:subfield code="a">3, 145 p. ;</marc:subfield><marc:subfield code="c">27 cm.</marc:subfield></marc:datafield><marc:datafield tag="500" ind1=" " ind2=" "><marc:subfield code="a">English and Thai.</marc:subfield></marc:datafield><marc:datafield tag="500" ind1=" " ind2=" "><marc:subfield code="a">&quot;Ringn san Fi Wihai, Khana Aksnrast, hullongknmahwitthaylai = Report submitted to the Research Division of the Faculty of Arts, Chulalongkorn University.&quot;</marc:subfield></marc:datafield><marc:datafield tag="500" ind1=" " ind2=" "><marc:subfield code="a">Errata slip inserted.</marc:subfield></marc:datafield><marc:datafield tag="650" ind1=" " ind2="0"><marc:subfield code="a">Linguistic minorities</marc:subfield><marc:subfield code="z">Thailand</marc:subfield><marc:subfield code="v">Bibliography.</marc:subfield></marc:datafield><marc:datafield tag="651" ind1=" " ind2="0"><marc:subfield code="a">Thailand</marc:subfield><marc:subfield code="x">Languages</marc:subfield><marc:subfield code="v">Bibliography.</marc:subfield></marc:datafield><marc:datafield tag="740" ind1="0" ind2="1"><marc:subfield code="a">Bibliography of minority languages of Thailand.</marc:subfield></marc:datafield><marc:datafield tag="035" ind1=" " ind2=" "><marc:subfield code="a">(TxDaGIAL)37741100018563</marc:subfield></marc:datafield><marc:controlfield tag="005">20080624154553.0</marc:controlfield><marc:controlfield tag="001">845</marc:controlfield><marc:controlfield tag="003">TxDaGIAL</marc:controlfield><marc:datafield tag="852" ind1=" " ind2=" "><marc:subfield code="p">37741100018563</marc:subfield><marc:subfield code="a">Library</marc:subfield><marc:subfield code="x">COPYID:966</marc:subfield><marc:subfield code="x">FSC@aRegular@c19970523</marc:subfield><marc:subfield code="h">016.4959 T468b 1984</marc:subfield><marc:subfield code="z">12658</marc:subfield></marc:datafield></marc:record>