
<marc:record><marc:leader>00734nam a2200217Ii 4500</marc:leader>
<marc:controlfield tag="008">730522t19731962miu      b    00110 eng d</marc:controlfield>
<marc:datafield tag="035" ind1=" " ind2=" "><marc:subfield code="a">(CU-UC)2415204</marc:subfield></marc:datafield><marc:datafield tag="040" ind1=" " ind2=" "><marc:subfield code="c">OTC</marc:subfield><marc:subfield code="d">CLU</marc:subfield><marc:subfield code="d">TxDaGIAL</marc:subfield></marc:datafield><marc:datafield tag="100" ind1="1" ind2="0"><marc:subfield code="a">Beasley-Murray, George Raymond,</marc:subfield><marc:subfield code="d">1916-</marc:subfield></marc:datafield><marc:datafield tag="245" ind1="1" ind2="0"><marc:subfield code="a">Baptism in the New Testament /</marc:subfield><marc:subfield code="c">by G. R. Beasley-Murray.</marc:subfield></marc:datafield><marc:datafield tag="250" ind1=" " ind2=" "><marc:subfield code="a">American paperback ed.</marc:subfield></marc:datafield><marc:datafield tag="260" ind1="0" ind2=" "><marc:subfield code="a">Grand Rapids :</marc:subfield><marc:subfield code="b">Eerdmans,</marc:subfield><marc:subfield code="c">1973, c1962.</marc:subfield></marc:datafield><marc:datafield tag="300" ind1=" " ind2=" "><marc:subfield code="a">ix, 422 p. ;</marc:subfield><marc:subfield code="c">22 cm.</marc:subfield></marc:datafield><marc:datafield tag="504" ind1=" " ind2=" "><marc:subfield code="a">Bibliography: p. [396]-406.</marc:subfield></marc:datafield><marc:datafield tag="546" ind1=" " ind2=" "><marc:subfield code="a">English.</marc:subfield></marc:datafield><marc:datafield tag="650" ind1=" " ind2="0"><marc:subfield code="a">Baptism.</marc:subfield></marc:datafield><marc:datafield tag="035" ind1=" " ind2=" "><marc:subfield code="a">(TxDaGIAL)37741100018361</marc:subfield></marc:datafield><marc:controlfield tag="005">20080624154553.0</marc:controlfield><marc:controlfield tag="001">847</marc:controlfield><marc:controlfield tag="003">TxDaGIAL</marc:controlfield><marc:datafield tag="852" ind1=" " ind2=" "><marc:subfield code="p">37741100018361</marc:subfield><marc:subfield code="a">Library</marc:subfield><marc:subfield code="9">$0.00</marc:subfield><marc:subfield code="x">COPYID:969</marc:subfield><marc:subfield code="x">FSC@aRegular@c19970515</marc:subfield><marc:subfield code="h">234.161 B368b 1973</marc:subfield><marc:subfield code="z">13411. Steve Armes gift</marc:subfield></marc:datafield></marc:record>