
<marc:record><marc:leader>01052nam a2200289 a 4500</marc:leader>
<marc:controlfield tag="008">910109s1988    enk           00010 eng c</marc:controlfield>
<marc:datafield tag="010" ind1=" " ind2=" "><marc:subfield code="a">   91103066</marc:subfield></marc:datafield><marc:datafield tag="020" ind1=" " ind2=" "><marc:subfield code="a">0946688192</marc:subfield></marc:datafield><marc:datafield tag="040" ind1=" " ind2=" "><marc:subfield code="a">MH</marc:subfield><marc:subfield code="c">MH</marc:subfield></marc:datafield><marc:datafield tag="041" ind1="1" ind2=" "><marc:subfield code="a">eng</marc:subfield><marc:subfield code="h">fre</marc:subfield></marc:datafield><marc:datafield tag="043" ind1=" " ind2=" "><marc:subfield code="a">d------</marc:subfield></marc:datafield><marc:datafield tag="050" ind1="1" ind2="4"><marc:subfield code="a">HC60</marc:subfield><marc:subfield code="b">.S314 1988</marc:subfield></marc:datafield><marc:datafield tag="100" ind1="1" ind2="0"><marc:subfield code="a">Schneider, Bertrand.</marc:subfield></marc:datafield><marc:datafield tag="240" ind1="1" ind2="0"><marc:subfield code="a">Rvolution aux pieds nus.</marc:subfield><marc:subfield code="l">English.</marc:subfield></marc:datafield><marc:datafield tag="245" ind1="1" ind2="4"><marc:subfield code="a">The barefoot revolution :</marc:subfield><marc:subfield code="b">a report to the Club of Rome /</marc:subfield><marc:subfield code="c">Bertrand Schneider ; English version by A.F. Villon.</marc:subfield></marc:datafield><marc:datafield tag="260" ind1="0" ind2=" "><marc:subfield code="a">London :</marc:subfield><marc:subfield code="b">IT Publications,</marc:subfield><marc:subfield code="c">c1988.</marc:subfield></marc:datafield><marc:datafield tag="300" ind1=" " ind2=" "><marc:subfield code="a">xv, 245 p. ;</marc:subfield><marc:subfield code="c">24 cm.</marc:subfield></marc:datafield><marc:datafield tag="500" ind1=" " ind2=" "><marc:subfield code="a">English version of: La rvolution aux pieds nus.</marc:subfield></marc:datafield><marc:datafield tag="650" ind1=" " ind2="0"><marc:subfield code="a">Non-governmental organizations</marc:subfield><marc:subfield code="z">Developing countries.</marc:subfield></marc:datafield><marc:datafield tag="650" ind1=" " ind2="0"><marc:subfield code="a">Technical assistance</marc:subfield><marc:subfield code="z">Developing countries.</marc:subfield></marc:datafield><marc:datafield tag="650" ind1=" " ind2="0"><marc:subfield code="a">Economic assistance</marc:subfield><marc:subfield code="z">Developing countries.</marc:subfield></marc:datafield><marc:datafield tag="710" ind1="2" ind2="0"><marc:subfield code="a">Club of Rome.</marc:subfield></marc:datafield><marc:datafield tag="035" ind1=" " ind2=" "><marc:subfield code="a">(TxDaGIAL)37741100006142</marc:subfield></marc:datafield><marc:controlfield tag="005">20080624154554.0</marc:controlfield><marc:controlfield tag="001">850</marc:controlfield><marc:controlfield tag="003">TxDaGIAL</marc:controlfield><marc:datafield tag="852" ind1=" " ind2=" "><marc:subfield code="p">37741100006142</marc:subfield><marc:subfield code="a">Library</marc:subfield><marc:subfield code="9">$23.50</marc:subfield><marc:subfield code="x">COPYID:972</marc:subfield><marc:subfield code="x">FSC@aRegular@c19950802</marc:subfield><marc:subfield code="h">338.91 S358r.E 1988</marc:subfield><marc:subfield code="z">B/T 2-91</marc:subfield></marc:datafield></marc:record>