
<marc:record><marc:leader>00929cam a2200241 a 4500</marc:leader>
<marc:controlfield tag="008">930612m19939999ja       d    000 0 eng d</marc:controlfield>
<marc:datafield tag="010" ind1=" " ind2=" "><marc:subfield code="a">   94217283 //r96</marc:subfield></marc:datafield><marc:datafield tag="040" ind1=" " ind2=" "><marc:subfield code="a">InU</marc:subfield><marc:subfield code="c">InU</marc:subfield><marc:subfield code="d">DLC</marc:subfield></marc:datafield><marc:datafield tag="041" ind1="0" ind2=" "><marc:subfield code="a">enghau</marc:subfield></marc:datafield><marc:datafield tag="042" ind1=" " ind2=" "><marc:subfield code="a">lccopycat</marc:subfield></marc:datafield><marc:datafield tag="050" ind1="0" ind2="4"><marc:subfield code="a">PL8233</marc:subfield><marc:subfield code="b">.M367 1993</marc:subfield></marc:datafield><marc:datafield tag="100" ind1="1" ind2=" "><marc:subfield code="a">Matsushita, Shji,</marc:subfield><marc:subfield code="d">1942-</marc:subfield></marc:datafield><marc:datafield tag="245" ind1="1" ind2="0"><marc:subfield code="a">Bargery toolbox 1 based on Rev. G.P. Bargery's A Hausa-English dictionary /</marc:subfield><marc:subfield code="c">Shuji Matsushita.</marc:subfield></marc:datafield><marc:datafield tag="260" ind1=" " ind2=" "><marc:subfield code="a">Tokyo :</marc:subfield><marc:subfield code="b">Institute for the Study of Languages and Cultures of Asia and Africa, Tokyo University of Foreign Studies,</marc:subfield><marc:subfield code="c">1993-</marc:subfield></marc:datafield><marc:datafield tag="300" ind1=" " ind2=" "><marc:subfield code="a">v. &lt;1-   &gt; ;</marc:subfield><marc:subfield code="c">26 cm.</marc:subfield></marc:datafield><marc:datafield tag="505" ind1="1" ind2=" "><marc:subfield code="a">v. 1. Hausa dialect vocabulary.</marc:subfield></marc:datafield><marc:datafield tag="650" ind1=" " ind2="0"><marc:subfield code="a">Hausa language</marc:subfield><marc:subfield code="v">Dictionaries</marc:subfield><marc:subfield code="x">English.</marc:subfield></marc:datafield><marc:datafield tag="700" ind1="1" ind2="1"><marc:subfield code="a">Bargery, G. P.</marc:subfield><marc:subfield code="t">Hausa-English dictionary.</marc:subfield></marc:datafield><marc:datafield tag="035" ind1=" " ind2=" "><marc:subfield code="a">(TxDaGIAL)37741100014696</marc:subfield></marc:datafield><marc:controlfield tag="005">20080624154554.0</marc:controlfield><marc:controlfield tag="001">852</marc:controlfield><marc:controlfield tag="003">TxDaGIAL</marc:controlfield><marc:datafield tag="852" ind1=" " ind2=" "><marc:subfield code="p">37741100014696</marc:subfield><marc:subfield code="a">Library</marc:subfield><marc:subfield code="x">COPYID:974</marc:subfield><marc:subfield code="x">FSC@aRegular@c19970127</marc:subfield><marc:subfield code="h">493.72321 M434b 1993</marc:subfield><marc:subfield code="z">7-93</marc:subfield></marc:datafield></marc:record>