
<marc:record><marc:leader>01477cam a2200337 a 4500</marc:leader>
<marc:controlfield tag="008">921217s1990    meua     b    000 0 eng d</marc:controlfield>
<marc:datafield tag="020" ind1=" " ind2=" "><marc:subfield code="c">$16.95</marc:subfield></marc:datafield><marc:datafield tag="035" ind1=" " ind2=" "><marc:subfield code="a">CGTT92-B3803</marc:subfield></marc:datafield><marc:datafield tag="035" ind1=" " ind2=" "><marc:subfield code="a">(CStRLIN)</marc:subfield></marc:datafield><marc:datafield tag="040" ind1=" " ind2=" "><marc:subfield code="a">CBGTU</marc:subfield><marc:subfield code="c">CBGTU</marc:subfield></marc:datafield><marc:datafield tag="090" ind1=" " ind2=" "><marc:subfield code="a">LC1099</marc:subfield><marc:subfield code="b">.T54 1990</marc:subfield></marc:datafield><marc:datafield tag="100" ind1="1" ind2=" "><marc:subfield code="a">Thiagarajan, Sivasailam.</marc:subfield></marc:datafield><marc:datafield tag="245" ind1="1" ind2="0"><marc:subfield code="a">BARNGA :</marc:subfield><marc:subfield code="b">a simulation game on cultural clashes /</marc:subfield><marc:subfield code="c">game design, Sivasailam Thiagarajan; manual, Barbara Steinwachs.</marc:subfield></marc:datafield><marc:datafield tag="260" ind1=" " ind2=" "><marc:subfield code="a">Yarmouth, ME :</marc:subfield><marc:subfield code="b">Intercultural Press,</marc:subfield><marc:subfield code="c">c1990.</marc:subfield></marc:datafield><marc:datafield tag="300" ind1=" " ind2=" "><marc:subfield code="a">31, [28] p. :</marc:subfield><marc:subfield code="b">ill. ;</marc:subfield><marc:subfield code="c">28 cm.</marc:subfield></marc:datafield><marc:datafield tag="500" ind1=" " ind2=" "><marc:subfield code="a">Cover title.</marc:subfield></marc:datafield><marc:datafield tag="500" ind1=" " ind2=" "><marc:subfield code="a">Participant materials in French and English.</marc:subfield></marc:datafield><marc:datafield tag="500" ind1=" " ind2=" "><marc:subfield code="a">Participant materials translated into French by Pierre Corbeil.</marc:subfield></marc:datafield><marc:datafield tag="500" ind1=" " ind2=" "><marc:subfield code="a">&quot;Much of this manual originally appeared in modified form in Thiagi's 1984 unpublished paper, BARNGA : a flexim on cultural clashes&quot;.</marc:subfield></marc:datafield><marc:datafield tag="500" ind1=" " ind2=" "><marc:subfield code="a">&quot;A SIETAR International publication&quot;.</marc:subfield></marc:datafield><marc:datafield tag="504" ind1=" " ind2=" "><marc:subfield code="a">Includes bibliographical references (p. 31).</marc:subfield></marc:datafield><marc:datafield tag="650" ind1=" " ind2="0"><marc:subfield code="a">Intercultural communication</marc:subfield><marc:subfield code="v">Problems, exercises, etc.</marc:subfield></marc:datafield><marc:datafield tag="650" ind1=" " ind2="0"><marc:subfield code="a">Cultural relations</marc:subfield><marc:subfield code="v">Problems, exercises, etc.</marc:subfield></marc:datafield><marc:datafield tag="700" ind1="1" ind2="0"><marc:subfield code="a">Thiagarajan, Sivasailam.</marc:subfield><marc:subfield code="t">BARNGA : a flexim on cultural clashes.</marc:subfield></marc:datafield><marc:datafield tag="700" ind1="1" ind2="0"><marc:subfield code="a">Steinwachs, Barbara.</marc:subfield></marc:datafield><marc:datafield tag="740" ind1="0" ind2="0"><marc:subfield code="a">BARNGA : a flexim on cultural clashes.</marc:subfield></marc:datafield><marc:datafield tag="035" ind1=" " ind2=" "><marc:subfield code="a">(TxDaGIAL)37741100013462</marc:subfield></marc:datafield><marc:controlfield tag="005">20080624154555.0</marc:controlfield><marc:controlfield tag="001">853</marc:controlfield><marc:controlfield tag="003">TxDaGIAL</marc:controlfield><marc:datafield tag="852" ind1=" " ind2=" "><marc:subfield code="p">37741100013462</marc:subfield><marc:subfield code="a">Library</marc:subfield><marc:subfield code="9">$14.75</marc:subfield><marc:subfield code="x">FUND:LD-Socio</marc:subfield><marc:subfield code="x">COPYID:975</marc:subfield><marc:subfield code="x">FSC@aRegular@c19961017</marc:subfield><marc:subfield code="h">303.482 T422b 1990</marc:subfield><marc:subfield code="z">B/T 2-94</marc:subfield></marc:datafield></marc:record>