
<marc:record><marc:leader>00821cam a2200241   4500</marc:leader>
<marc:controlfield tag="008">730529s1973    miu      b    00110 eng  </marc:controlfield>
<marc:datafield tag="010" ind1=" " ind2=" "><marc:subfield code="a">   72094610 //r83</marc:subfield></marc:datafield><marc:datafield tag="020" ind1=" " ind2=" "><marc:subfield code="a">0802815030</marc:subfield></marc:datafield><marc:datafield tag="040" ind1=" " ind2=" "><marc:subfield code="a">DLC</marc:subfield><marc:subfield code="c">DLC</marc:subfield><marc:subfield code="d">TxDaGIAL</marc:subfield></marc:datafield><marc:datafield tag="050" ind1="0" ind2=" "><marc:subfield code="a">Z7772.L1</marc:subfield><marc:subfield code="b">S35 1973</marc:subfield></marc:datafield><marc:datafield tag="082" ind1=" " ind2=" "><marc:subfield code="a">016.225</marc:subfield></marc:datafield><marc:datafield tag="100" ind1="1" ind2="0"><marc:subfield code="a">Scholer, David M.</marc:subfield></marc:datafield><marc:datafield tag="245" ind1="1" ind2="2"><marc:subfield code="a">A basic bibliographic guide for New Testament exegesis /</marc:subfield><marc:subfield code="c">by David M. Scholer.</marc:subfield></marc:datafield><marc:datafield tag="250" ind1=" " ind2=" "><marc:subfield code="a">2d ed.</marc:subfield></marc:datafield><marc:datafield tag="260" ind1="0" ind2=" "><marc:subfield code="a">Grand Rapids :</marc:subfield><marc:subfield code="b">Eerdmans,</marc:subfield><marc:subfield code="c">[1973]</marc:subfield></marc:datafield><marc:datafield tag="300" ind1=" " ind2=" "><marc:subfield code="a">94 p. ;</marc:subfield><marc:subfield code="c">21 cm.</marc:subfield></marc:datafield><marc:datafield tag="630" ind1="0" ind2="0"><marc:subfield code="a">Bible.</marc:subfield><marc:subfield code="p">N.T.</marc:subfield><marc:subfield code="v">Bibliography.</marc:subfield></marc:datafield><marc:datafield tag="035" ind1=" " ind2=" "><marc:subfield code="a">(TxDaGIAL)37741100006163</marc:subfield></marc:datafield><marc:controlfield tag="005">20080624154556.0</marc:controlfield><marc:controlfield tag="001">858</marc:controlfield><marc:controlfield tag="003">TxDaGIAL</marc:controlfield><marc:datafield tag="852" ind1=" " ind2=" "><marc:subfield code="p">37741100006163</marc:subfield><marc:subfield code="a">Library</marc:subfield><marc:subfield code="x">COPYID:981</marc:subfield><marc:subfield code="x">FSC@aRegular@c19950803</marc:subfield><marc:subfield code="h">016.225 S368b 1973</marc:subfield><marc:subfield code="z">6936</marc:subfield></marc:datafield><marc:datafield tag="852" ind1=" " ind2=" "><marc:subfield code="p">37741100006164</marc:subfield><marc:subfield code="a">Library</marc:subfield><marc:subfield code="x">COPYID:982</marc:subfield><marc:subfield code="x">FSC@aRegular@c19950803</marc:subfield><marc:subfield code="h">016.225 S368b 1973</marc:subfield><marc:subfield code="z">17</marc:subfield></marc:datafield></marc:record>