
<marc:record><marc:leader>00869cam a2200253   4500</marc:leader>
<marc:controlfield tag="008">740117m19731974ne       b    00000 eng  </marc:controlfield>
<marc:datafield tag="010" ind1=" " ind2=" "><marc:subfield code="a">   73181086 //r872</marc:subfield></marc:datafield><marc:datafield tag="015" ind1=" " ind2=" "><marc:subfield code="a">Ne73-26 (v. 1)</marc:subfield></marc:datafield><marc:datafield tag="020" ind1=" " ind2=" "><marc:subfield code="a">9004036237 (v. 1)</marc:subfield></marc:datafield><marc:datafield tag="040" ind1=" " ind2=" "><marc:subfield code="a">DLC</marc:subfield><marc:subfield code="c">DLC</marc:subfield><marc:subfield code="d">DLC</marc:subfield></marc:datafield><marc:datafield tag="050" ind1="0" ind2=" "><marc:subfield code="a">Z7049.S5</marc:subfield><marc:subfield code="b">B35</marc:subfield><marc:subfield code="a">PJ3014</marc:subfield></marc:datafield><marc:datafield tag="082" ind1=" " ind2=" "><marc:subfield code="a">016.492</marc:subfield></marc:datafield><marc:datafield tag="245" ind1="0" ind2="2"><marc:subfield code="a">A Basic bibliography for the study of the Semitic languages. /</marc:subfield><marc:subfield code="c">Edited by J. H. Hospers.</marc:subfield></marc:datafield><marc:datafield tag="260" ind1="0" ind2=" "><marc:subfield code="a">Leiden :</marc:subfield><marc:subfield code="b">Brill,</marc:subfield><marc:subfield code="c">1973-74.</marc:subfield></marc:datafield><marc:datafield tag="300" ind1=" " ind2=" "><marc:subfield code="a">&lt;v. 1- &gt; ;</marc:subfield><marc:subfield code="c">25 cm.</marc:subfield></marc:datafield><marc:datafield tag="650" ind1=" " ind2="0"><marc:subfield code="a">Semitic philology</marc:subfield><marc:subfield code="v">Bibliography.</marc:subfield></marc:datafield><marc:datafield tag="650" ind1=" " ind2="0"><marc:subfield code="a">Civilization, Semitic</marc:subfield><marc:subfield code="v">Bibliography.</marc:subfield></marc:datafield><marc:datafield tag="651" ind1=" " ind2="0"><marc:subfield code="a">Middle East</marc:subfield><marc:subfield code="x">History</marc:subfield><marc:subfield code="v">Bibliography.</marc:subfield></marc:datafield><marc:datafield tag="700" ind1="1" ind2="0"><marc:subfield code="a">Hospers, J. H.,</marc:subfield><marc:subfield code="e">ed.</marc:subfield></marc:datafield><marc:datafield tag="035" ind1=" " ind2=" "><marc:subfield code="a">(TxDaGIAL)37741100003289</marc:subfield></marc:datafield><marc:controlfield tag="005">20080624154557.0</marc:controlfield><marc:controlfield tag="001">859</marc:controlfield><marc:controlfield tag="003">TxDaGIAL</marc:controlfield><marc:datafield tag="852" ind1=" " ind2=" "><marc:subfield code="p">37741100003289</marc:subfield><marc:subfield code="a">Library</marc:subfield><marc:subfield code="x">COPYID:983</marc:subfield><marc:subfield code="x">FSC@aRegular@c19950406</marc:subfield><marc:subfield code="h">016.492 H828b 1973</marc:subfield><marc:subfield code="z">orig. acc. no. 5511</marc:subfield></marc:datafield></marc:record>