
<marc:record><marc:leader>00643nam a2200205Ii 4500</marc:leader>
<marc:controlfield tag="008">771011s1959    miu           00010 eng d</marc:controlfield>
<marc:datafield tag="010" ind1=" " ind2=" "><marc:subfield code="z">   58013513</marc:subfield></marc:datafield><marc:datafield tag="035" ind1=" " ind2=" "><marc:subfield code="a">(CU-UC)694527</marc:subfield></marc:datafield><marc:datafield tag="040" ind1=" " ind2=" "><marc:subfield code="a">EXN</marc:subfield><marc:subfield code="c">EXN</marc:subfield><marc:subfield code="d">m.c.</marc:subfield><marc:subfield code="d">CU-S</marc:subfield></marc:datafield><marc:datafield tag="100" ind1="1" ind2="0"><marc:subfield code="a">Stott, John R. W.</marc:subfield></marc:datafield><marc:datafield tag="245" ind1="1" ind2="0"><marc:subfield code="a">Basic Christianity /</marc:subfield><marc:subfield code="c">John R. W. Stott.</marc:subfield></marc:datafield><marc:datafield tag="260" ind1="0" ind2=" "><marc:subfield code="a">Grand Rapids, Mich. :</marc:subfield><marc:subfield code="b">Wm. B. Eerdmans,</marc:subfield><marc:subfield code="c">c1958.</marc:subfield></marc:datafield><marc:datafield tag="300" ind1=" " ind2=" "><marc:subfield code="a">144 p. ;</marc:subfield><marc:subfield code="c">18 cm.</marc:subfield></marc:datafield><marc:datafield tag="546" ind1=" " ind2=" "><marc:subfield code="a">English.</marc:subfield></marc:datafield><marc:datafield tag="650" ind1=" " ind2="0"><marc:subfield code="a">Theology, Doctrinal</marc:subfield><marc:subfield code="v">Popular works.</marc:subfield></marc:datafield><marc:datafield tag="035" ind1=" " ind2=" "><marc:subfield code="a">(TxDaGIAL)37741100018351</marc:subfield></marc:datafield><marc:controlfield tag="005">20080624154557.0</marc:controlfield><marc:controlfield tag="001">860</marc:controlfield><marc:controlfield tag="003">TxDaGIAL</marc:controlfield><marc:datafield tag="852" ind1=" " ind2=" "><marc:subfield code="p">37741100018351</marc:subfield><marc:subfield code="a">Library</marc:subfield><marc:subfield code="x">COPYID:984</marc:subfield><marc:subfield code="x">FSC@aRegular@c19970515</marc:subfield><marc:subfield code="h">230 S888b 1959</marc:subfield><marc:subfield code="z">9355</marc:subfield></marc:datafield></marc:record>