
<marc:record><marc:leader>00817nam a2200217 a 4500</marc:leader>
<marc:controlfield tag="008">970923s1989    ndu           000 0 eng d</marc:controlfield>
<marc:datafield tag="040" ind1=" " ind2=" "><marc:subfield code="a">TxDaGIAL</marc:subfield><marc:subfield code="c">TxDaGIAL</marc:subfield></marc:datafield><marc:datafield tag="100" ind1="1" ind2=" "><marc:subfield code="a">Constable, Peter G.</marc:subfield></marc:datafield><marc:datafield tag="245" ind1="1" ind2="0"><marc:subfield code="a">Basic clause structure in Veracruz Huastec /</marc:subfield><marc:subfield code="c">by Peter G. Constable.</marc:subfield></marc:datafield><marc:datafield tag="260" ind1=" " ind2=" "><marc:subfield code="c">1989.</marc:subfield></marc:datafield><marc:datafield tag="300" ind1=" " ind2=" "><marc:subfield code="a">[107] leaves (xiv, 199 leaves reduced) :</marc:subfield><marc:subfield code="b">ill. ;</marc:subfield><marc:subfield code="c">29 cm.</marc:subfield></marc:datafield><marc:datafield tag="502" ind1=" " ind2=" "><marc:subfield code="a">Thesis (M.A.)--University of North Dakota, 1989.</marc:subfield></marc:datafield><marc:datafield tag="504" ind1=" " ind2=" "><marc:subfield code="a">Bibliography: leaves [192]-199.</marc:subfield></marc:datafield><marc:datafield tag="650" ind1=" " ind2="0"><marc:subfield code="a">Huastec language.</marc:subfield></marc:datafield><marc:datafield tag="610" ind1="2" ind2="0"><marc:subfield code="a">University of North Dakota</marc:subfield><marc:subfield code="x">Dissertations.</marc:subfield></marc:datafield><marc:datafield tag="035" ind1=" " ind2=" "><marc:subfield code="a">(TxDaGIAL)37741100020607</marc:subfield></marc:datafield><marc:datafield tag="590" ind1=" " ind2=" "><marc:subfield code="a">Scanning in progress.</marc:subfield></marc:datafield><marc:controlfield tag="005">20090306104931.0</marc:controlfield><marc:controlfield tag="001">861</marc:controlfield><marc:controlfield tag="003">TxDaGIAL</marc:controlfield><marc:datafield tag="852" ind1=" " ind2=" "><marc:subfield code="p">37741100020607</marc:subfield><marc:subfield code="a">Library</marc:subfield><marc:subfield code="b">Archives</marc:subfield><marc:subfield code="x">COPYID:985</marc:subfield><marc:subfield code="x">FSC@aRegular@c19970924@j@j@j@i@i@i</marc:subfield><marc:subfield code="h">497.415 C756b 1989</marc:subfield><marc:subfield code="z">author gift 2-90</marc:subfield></marc:datafield></marc:record>