
<marc:record><marc:leader>00913nam a22002531  4500</marc:leader>
<marc:controlfield tag="008">960408s1994    mdua          001 0 eng d</marc:controlfield>
<marc:datafield tag="010" ind1=" " ind2=" "><marc:subfield code="a">   94060050</marc:subfield></marc:datafield><marc:datafield tag="020" ind1=" " ind2=" "><marc:subfield code="a">0932666434 :</marc:subfield><marc:subfield code="c">$34.95</marc:subfield></marc:datafield><marc:datafield tag="040" ind1=" " ind2=" "><marc:subfield code="a">DLC</marc:subfield><marc:subfield code="c">DLC</marc:subfield><marc:subfield code="d">TxDaGIAL</marc:subfield></marc:datafield><marc:datafield tag="082" ind1="0" ind2="4"><marc:subfield code="a">419</marc:subfield><marc:subfield code="2">20</marc:subfield></marc:datafield><marc:datafield tag="100" ind1="1" ind2=" "><marc:subfield code="a">Humphries, Tom</marc:subfield><marc:subfield code="q">(Tom L.)</marc:subfield></marc:datafield><marc:datafield tag="245" ind1="1" ind2="2"><marc:subfield code="a">A basic course in American sign language /</marc:subfield><marc:subfield code="c">Tom Humphries, Carol Padden, Terrence J. O'Rourke.</marc:subfield></marc:datafield><marc:datafield tag="250" ind1=" " ind2=" "><marc:subfield code="a">2nd ed.</marc:subfield></marc:datafield><marc:datafield tag="260" ind1=" " ind2=" "><marc:subfield code="a">Silver Springs, Md. :</marc:subfield><marc:subfield code="b">T.J. Publishers,</marc:subfield><marc:subfield code="c">c1994.</marc:subfield></marc:datafield><marc:datafield tag="300" ind1=" " ind2=" "><marc:subfield code="a">viii, 288 p. :</marc:subfield><marc:subfield code="b">ill. ;</marc:subfield><marc:subfield code="c">26 cm.</marc:subfield></marc:datafield><marc:datafield tag="504" ind1=" " ind2=" "><marc:subfield code="a">Includes bibliographical references (p. 248-250) and index.</marc:subfield></marc:datafield><marc:datafield tag="650" ind1=" " ind2="0"><marc:subfield code="a">American Sign Language</marc:subfield><marc:subfield code="x">Study and teaching.</marc:subfield></marc:datafield><marc:datafield tag="700" ind1="1" ind2="0"><marc:subfield code="a">Padden, Carol.</marc:subfield></marc:datafield><marc:datafield tag="700" ind1="1" ind2="0"><marc:subfield code="a">O'Rourke, Terrence J.</marc:subfield></marc:datafield><marc:datafield tag="035" ind1=" " ind2=" "><marc:subfield code="a">(TxDaGIAL)37741100010631</marc:subfield></marc:datafield><marc:controlfield tag="005">20080624154557.0</marc:controlfield><marc:controlfield tag="001">862</marc:controlfield><marc:controlfield tag="003">TxDaGIAL</marc:controlfield><marc:datafield tag="852" ind1=" " ind2=" "><marc:subfield code="p">37741100010631</marc:subfield><marc:subfield code="a">Library</marc:subfield><marc:subfield code="9">$30.41</marc:subfield><marc:subfield code="x">COPYID:986</marc:subfield><marc:subfield code="x">FSC@aRegular@c19960401</marc:subfield><marc:subfield code="h">419 H928b 1994</marc:subfield><marc:subfield code="z">B/T  3-96</marc:subfield></marc:datafield></marc:record>