
<marc:record><marc:leader>00758nam a2200205 i 4500</marc:leader>
<marc:controlfield tag="008">890706s1976    xxu             1 0 eng d</marc:controlfield>
<marc:datafield tag="040" ind1=" " ind2=" "><marc:subfield code="a">TxDaGIAL</marc:subfield><marc:subfield code="c">TxDaGIAL</marc:subfield></marc:datafield><marc:datafield tag="100" ind1="1" ind2=" "><marc:subfield code="a">Mueller, Theodore H.</marc:subfield><marc:subfield code="q">(Theodore Henry),</marc:subfield><marc:subfield code="d">1924-</marc:subfield></marc:datafield><marc:datafield tag="245" ind1="1" ind2="2"><marc:subfield code="a">A basic grammar of New Testament Greek /</marc:subfield><marc:subfield code="c">Theodore H. Mueller.</marc:subfield></marc:datafield><marc:datafield tag="250" ind1=" " ind2=" "><marc:subfield code="a">prelim. ed.</marc:subfield></marc:datafield><marc:datafield tag="260" ind1="0" ind2=" "><marc:subfield code="c">c1976.</marc:subfield></marc:datafield><marc:datafield tag="300" ind1=" " ind2=" "><marc:subfield code="a">iv, 183 p. ;</marc:subfield><marc:subfield code="c">28 cm.</marc:subfield></marc:datafield><marc:datafield tag="546" ind1=" " ind2=" "><marc:subfield code="a">English.</marc:subfield></marc:datafield><marc:datafield tag="650" ind1=" " ind2="0"><marc:subfield code="a">Greek language, Biblical</marc:subfield><marc:subfield code="x">Grammar.</marc:subfield></marc:datafield><marc:datafield tag="035" ind1=" " ind2=" "><marc:subfield code="a">(TxDaGIAL)37741100018536</marc:subfield></marc:datafield><marc:controlfield tag="005">20080624154557.0</marc:controlfield><marc:controlfield tag="001">864</marc:controlfield><marc:controlfield tag="003">TxDaGIAL</marc:controlfield><marc:datafield tag="852" ind1=" " ind2=" "><marc:subfield code="p">37741100018536</marc:subfield><marc:subfield code="a">Library</marc:subfield><marc:subfield code="b">John Beekman Tran Li</marc:subfield><marc:subfield code="9">$0.00</marc:subfield><marc:subfield code="x">COPYID:988</marc:subfield><marc:subfield code="x">FSC@aRegular@c19970619</marc:subfield><marc:subfield code="h">487.45 M947b 1976</marc:subfield><marc:subfield code="z">7921</marc:subfield></marc:datafield><marc:datafield tag="852" ind1=" " ind2=" "><marc:subfield code="p">37741100018537</marc:subfield><marc:subfield code="a">Library</marc:subfield><marc:subfield code="x">COPYID:989</marc:subfield><marc:subfield code="x">FSC@aRegular@c19970619</marc:subfield><marc:subfield code="h">487.45 M947b 1976</marc:subfield><marc:subfield code="z">7920</marc:subfield></marc:datafield></marc:record>