
<marc:record><marc:leader>00968nam a2200253 a 4500</marc:leader>
<marc:controlfield tag="008">860210s1984    be a     b    000 0 eng  </marc:controlfield>
<marc:datafield tag="010" ind1=" " ind2=" "><marc:subfield code="a">   86116144</marc:subfield></marc:datafield><marc:datafield tag="040" ind1=" " ind2=" "><marc:subfield code="a">DLC</marc:subfield><marc:subfield code="c">DLC</marc:subfield><marc:subfield code="d">DLC</marc:subfield></marc:datafield><marc:datafield tag="043" ind1=" " ind2=" "><marc:subfield code="a">e-be---</marc:subfield></marc:datafield><marc:datafield tag="050" ind1="0" ind2="0"><marc:subfield code="a">P281</marc:subfield><marc:subfield code="b">.V47 1984</marc:subfield></marc:datafield><marc:datafield tag="082" ind1="0" ind2="0"><marc:subfield code="a">415</marc:subfield><marc:subfield code="2">19</marc:subfield></marc:datafield><marc:datafield tag="100" ind1="1" ind2="0"><marc:subfield code="a">Verschueren, Jef.</marc:subfield></marc:datafield><marc:datafield tag="245" ind1="1" ind2="0"><marc:subfield code="a">Basic linguistic action verbs :</marc:subfield><marc:subfield code="b">a questionnaire /</marc:subfield><marc:subfield code="c">Jef Verschueren.</marc:subfield></marc:datafield><marc:datafield tag="260" ind1="0" ind2=" "><marc:subfield code="a">Wilrijk, Belgium :</marc:subfield><marc:subfield code="b">Universiteit Antwerpen, Universitaire Instelling Antwerpen, Departement Germaanse, Afd. Linguistiek,</marc:subfield><marc:subfield code="c">[1984]</marc:subfield></marc:datafield><marc:datafield tag="300" ind1=" " ind2=" "><marc:subfield code="a">xl, 235 p. :</marc:subfield><marc:subfield code="b">ill. ;</marc:subfield><marc:subfield code="c">30 cm.</marc:subfield></marc:datafield><marc:datafield tag="440" ind1=" " ind2="0"><marc:subfield code="a">Antwerp papers in linguistics ;</marc:subfield><marc:subfield code="v">nr. 37</marc:subfield></marc:datafield><marc:datafield tag="504" ind1=" " ind2=" "><marc:subfield code="a">Includes bibliographical references.</marc:subfield></marc:datafield><marc:datafield tag="650" ind1=" " ind2="0"><marc:subfield code="a">Grammar, Comparative and general</marc:subfield><marc:subfield code="x">Verb.</marc:subfield></marc:datafield><marc:datafield tag="650" ind1=" " ind2="0"><marc:subfield code="a">Language surveys</marc:subfield><marc:subfield code="z">Belgium.</marc:subfield></marc:datafield><marc:datafield tag="035" ind1=" " ind2=" "><marc:subfield code="a">(TxDaGIAL)37741100017616</marc:subfield></marc:datafield><marc:controlfield tag="005">20080624154558.0</marc:controlfield><marc:controlfield tag="001">866</marc:controlfield><marc:controlfield tag="003">TxDaGIAL</marc:controlfield><marc:datafield tag="852" ind1=" " ind2=" "><marc:subfield code="p">37741100017616</marc:subfield><marc:subfield code="a">Library</marc:subfield><marc:subfield code="9">$0.00</marc:subfield><marc:subfield code="x">COPYID:991</marc:subfield><marc:subfield code="x">FSC@aRegular@c19970513</marc:subfield><marc:subfield code="h">415 V562b 1984</marc:subfield><marc:subfield code="z">SIL Linguistics Dept. gift</marc:subfield></marc:datafield></marc:record>