
<marc:record><marc:leader>00671nam a2200205 a 4500</marc:leader>
<marc:controlfield tag="008">800321s1977    coua     b    000 0 eng d</marc:controlfield>
<marc:datafield tag="020" ind1=" " ind2=" "><marc:subfield code="a">0891080694</marc:subfield></marc:datafield><marc:datafield tag="040" ind1=" " ind2=" "><marc:subfield code="a">TxDaGIAL</marc:subfield><marc:subfield code="c">TxDaGIAL</marc:subfield></marc:datafield><marc:datafield tag="082" ind1="0" ind2=" "><marc:subfield code="a">428.4</marc:subfield></marc:datafield><marc:datafield tag="100" ind1="1" ind2=" "><marc:subfield code="a">Harnishfeger, Lloyd.</marc:subfield></marc:datafield><marc:datafield tag="245" ind1="1" ind2="0"><marc:subfield code="a">Basic practice in listening :</marc:subfield><marc:subfield code="b">games and activities /</marc:subfield><marc:subfield code="c">Lloyd Harnishfeger.</marc:subfield></marc:datafield><marc:datafield tag="260" ind1=" " ind2=" "><marc:subfield code="a">Denver, Colo. :</marc:subfield><marc:subfield code="b">Love Publishing,</marc:subfield><marc:subfield code="c">c1977.</marc:subfield></marc:datafield><marc:datafield tag="300" ind1=" " ind2=" "><marc:subfield code="a">78 p. :</marc:subfield><marc:subfield code="b">ill. ;</marc:subfield><marc:subfield code="c">30 cm.</marc:subfield></marc:datafield><marc:datafield tag="500" ind1=" " ind2=" "><marc:subfield code="a">For primary school teachers.</marc:subfield></marc:datafield><marc:datafield tag="650" ind1=" " ind2="0"><marc:subfield code="a">Reading (Primary)</marc:subfield></marc:datafield><marc:datafield tag="035" ind1=" " ind2=" "><marc:subfield code="a">(TxDaGIAL)37741100020121</marc:subfield></marc:datafield><marc:controlfield tag="005">20080624154558.0</marc:controlfield><marc:controlfield tag="001">867</marc:controlfield><marc:controlfield tag="003">TxDaGIAL</marc:controlfield><marc:datafield tag="852" ind1=" " ind2=" "><marc:subfield code="p">37741100020121</marc:subfield><marc:subfield code="a">Library</marc:subfield><marc:subfield code="x">COPYID:992</marc:subfield><marc:subfield code="x">FSC@aRegular@c19970811</marc:subfield><marc:subfield code="h">372.414 H291b 1977</marc:subfield></marc:datafield></marc:record>