
<marc:record><marc:leader>00978cam a2200277 i 4500</marc:leader>
<marc:controlfield tag="008">790228s1980    ilu      b    00110 eng  </marc:controlfield>
<marc:datafield tag="010" ind1=" " ind2=" "><marc:subfield code="a">   79011104 //r912</marc:subfield></marc:datafield><marc:datafield tag="020" ind1=" " ind2=" "><marc:subfield code="a">0226143554</marc:subfield></marc:datafield><marc:datafield tag="040" ind1=" " ind2=" "><marc:subfield code="a">DLC</marc:subfield><marc:subfield code="c">DLC</marc:subfield><marc:subfield code="d">DLC</marc:subfield></marc:datafield><marc:datafield tag="041" ind1="1" ind2=" "><marc:subfield code="a">engfre</marc:subfield></marc:datafield><marc:datafield tag="050" ind1="0" ind2="0"><marc:subfield code="a">RC455.4.E8</marc:subfield><marc:subfield code="b">D4713</marc:subfield></marc:datafield><marc:datafield tag="082" ind1="0" ind2="0"><marc:subfield code="a">616.8/914</marc:subfield></marc:datafield><marc:datafield tag="100" ind1="1" ind2="0"><marc:subfield code="a">Devereux, George,</marc:subfield><marc:subfield code="d">1908-</marc:subfield></marc:datafield><marc:datafield tag="240" ind1="1" ind2="0"><marc:subfield code="a">Essais d'ethnopsychiatrie gnrale.</marc:subfield><marc:subfield code="l">English.</marc:subfield></marc:datafield><marc:datafield tag="245" ind1="1" ind2="0"><marc:subfield code="a">Basic problems of ethnopsychiatry /</marc:subfield><marc:subfield code="c">George Devereux ; translated by Basia Miller Gulati and by George Devereux.</marc:subfield></marc:datafield><marc:datafield tag="260" ind1="0" ind2=" "><marc:subfield code="a">Chicago :</marc:subfield><marc:subfield code="b">University of Chicago Press,</marc:subfield><marc:subfield code="c">1980.</marc:subfield></marc:datafield><marc:datafield tag="300" ind1=" " ind2=" "><marc:subfield code="a">xiii, 366 p. ;</marc:subfield><marc:subfield code="c">24 cm.</marc:subfield></marc:datafield><marc:datafield tag="500" ind1=" " ind2=" "><marc:subfield code="a">Translation of Essais d'ethnopsychiatrie gnrale.</marc:subfield></marc:datafield><marc:datafield tag="504" ind1=" " ind2=" "><marc:subfield code="a">Bibliography: p. 336-356.</marc:subfield></marc:datafield><marc:datafield tag="500" ind1=" " ind2=" "><marc:subfield code="a">Includes index.</marc:subfield></marc:datafield><marc:datafield tag="650" ind1=" " ind2="0"><marc:subfield code="a">Cultural psychiatry.</marc:subfield></marc:datafield><marc:datafield tag="035" ind1=" " ind2=" "><marc:subfield code="a">(TxDaGIAL)37741100005422</marc:subfield></marc:datafield><marc:controlfield tag="005">20080624154558.0</marc:controlfield><marc:controlfield tag="001">868</marc:controlfield><marc:controlfield tag="003">TxDaGIAL</marc:controlfield><marc:datafield tag="852" ind1=" " ind2=" "><marc:subfield code="p">37741100005422</marc:subfield><marc:subfield code="a">Library</marc:subfield><marc:subfield code="x">COPYID:993</marc:subfield><marc:subfield code="x">FSC@aRegular@c19950701</marc:subfield><marc:subfield code="h">616.89 D491b 1980</marc:subfield><marc:subfield code="z">8439</marc:subfield></marc:datafield></marc:record>