
<marc:record><marc:leader>01381cam a2200313 i 4500</marc:leader>
<marc:controlfield tag="008">771027s1977    njua     b    10110 eng  </marc:controlfield>
<marc:datafield tag="010" ind1=" " ind2=" "><marc:subfield code="a">   77017135 //r81</marc:subfield></marc:datafield><marc:datafield tag="020" ind1=" " ind2=" "><marc:subfield code="a">0470993545</marc:subfield></marc:datafield><marc:datafield tag="040" ind1=" " ind2=" "><marc:subfield code="a">DLC</marc:subfield><marc:subfield code="c">DLC</marc:subfield><marc:subfield code="d">TxDaGIAL</marc:subfield></marc:datafield><marc:datafield tag="050" ind1="0" ind2=" "><marc:subfield code="a">LB1049.95</marc:subfield><marc:subfield code="b">.S897 1975</marc:subfield></marc:datafield><marc:datafield tag="082" ind1=" " ind2=" "><marc:subfield code="a">428/.4</marc:subfield></marc:datafield><marc:datafield tag="111" ind1="2" ind2="0"><marc:subfield code="a">Summer Institute on Perception and Comprehension</marc:subfield><marc:subfield code="d">(1975 :</marc:subfield><marc:subfield code="c">University of Minnesota)</marc:subfield></marc:datafield><marc:datafield tag="245" ind1="1" ind2="0"><marc:subfield code="a">Basic processes in reading :</marc:subfield><marc:subfield code="b">perception and comprehension /</marc:subfield><marc:subfield code="c">edited by David LaBerge, S. Jay Samuels.</marc:subfield></marc:datafield><marc:datafield tag="260" ind1="0" ind2=" "><marc:subfield code="a">Hillsdale, N.J. :</marc:subfield><marc:subfield code="b">Erlbaum Associates ;</marc:subfield><marc:subfield code="a">New York :</marc:subfield><marc:subfield code="b">distributed by Halsted Press Division, Wiley,</marc:subfield><marc:subfield code="c">1977.</marc:subfield></marc:datafield><marc:datafield tag="300" ind1=" " ind2=" "><marc:subfield code="a">xi, 370 p. :</marc:subfield><marc:subfield code="b">ill. ;</marc:subfield><marc:subfield code="c">24 cm.</marc:subfield></marc:datafield><marc:datafield tag="500" ind1=" " ind2=" "><marc:subfield code="a">Lectures of an institute held in June 1975 and sponsored by the Center for Research in Human Learning, University of Minnesota.</marc:subfield></marc:datafield><marc:datafield tag="504" ind1=" " ind2=" "><marc:subfield code="a">Includes bibliographical references and indexes.</marc:subfield></marc:datafield><marc:datafield tag="650" ind1=" " ind2="0"><marc:subfield code="a">Reading</marc:subfield><marc:subfield code="v">Congresses.</marc:subfield></marc:datafield><marc:datafield tag="650" ind1=" " ind2="0"><marc:subfield code="a">Perceptual learning</marc:subfield><marc:subfield code="v">Congresses.</marc:subfield></marc:datafield><marc:datafield tag="650" ind1=" " ind2="0"><marc:subfield code="a">Reading comprehension</marc:subfield><marc:subfield code="v">Congresses.</marc:subfield></marc:datafield><marc:datafield tag="650" ind1=" " ind2="0"><marc:subfield code="a">Reading</marc:subfield><marc:subfield code="x">Physiological aspects</marc:subfield><marc:subfield code="v">Congresses.</marc:subfield></marc:datafield><marc:datafield tag="700" ind1="1" ind2="0"><marc:subfield code="a">LaBerge, David.</marc:subfield></marc:datafield><marc:datafield tag="700" ind1="1" ind2="0"><marc:subfield code="a">Samuels, S. Jay.</marc:subfield></marc:datafield><marc:datafield tag="710" ind1="2" ind2="0"><marc:subfield code="a">University of Minnesota.</marc:subfield><marc:subfield code="b">Center for Research in Human Learning.</marc:subfield></marc:datafield><marc:datafield tag="035" ind1=" " ind2=" "><marc:subfield code="a">(TxDaGIAL)37741100011792</marc:subfield></marc:datafield><marc:controlfield tag="005">20080624154559.0</marc:controlfield><marc:controlfield tag="001">870</marc:controlfield><marc:controlfield tag="003">TxDaGIAL</marc:controlfield><marc:datafield tag="852" ind1=" " ind2=" "><marc:subfield code="p">37741100011792</marc:subfield><marc:subfield code="a">Library</marc:subfield><marc:subfield code="x">COPYID:995</marc:subfield><marc:subfield code="x">FSC@aRegular@c19960605</marc:subfield><marc:subfield code="h">428.4 S955b 1977</marc:subfield><marc:subfield code="z">5410</marc:subfield></marc:datafield></marc:record>