
<marc:record><marc:leader>00961cam a22002417i 4500</marc:leader>
<marc:controlfield tag="008">800220s1977||||pp |||| ||||||0|||||eng| </marc:controlfield>
<marc:datafield tag="010" ind1=" " ind2=" "><marc:subfield code="a">   80108334</marc:subfield></marc:datafield><marc:datafield tag="020" ind1=" " ind2=" "><marc:subfield code="a">0858101262</marc:subfield></marc:datafield><marc:datafield tag="040" ind1=" " ind2=" "><marc:subfield code="a">DLC</marc:subfield><marc:subfield code="c">DLC</marc:subfield><marc:subfield code="d">DLC</marc:subfield></marc:datafield><marc:datafield tag="050" ind1="0" ind2="0"><marc:subfield code="a">MLCM 83/7143 (H)</marc:subfield></marc:datafield><marc:datafield tag="245" ind1="0" ind2="0"><marc:subfield code="a">Basic research techniques :</marc:subfield><marc:subfield code="b">a handbook for fieldworkers in Papua New Guinea /</marc:subfield><marc:subfield code="c">edited by Gerard Guthrie and Sharon Field.</marc:subfield></marc:datafield><marc:datafield tag="260" ind1=" " ind2=" "><marc:subfield code="a">Papua New Guinea :</marc:subfield><marc:subfield code="b">University of Papua New Guinea : available from the Educational Research Unit,</marc:subfield><marc:subfield code="c">1977.</marc:subfield></marc:datafield><marc:datafield tag="300" ind1=" " ind2=" "><marc:subfield code="a">92 p. ;</marc:subfield><marc:subfield code="c">30 cm.</marc:subfield></marc:datafield><marc:datafield tag="440" ind1=" " ind2="0"><marc:subfield code="a">ERU working paper ;</marc:subfield><marc:subfield code="v">no. 2</marc:subfield></marc:datafield><marc:datafield tag="650" ind1=" " ind2="0"><marc:subfield code="a">Education</marc:subfield><marc:subfield code="x">Research</marc:subfield><marc:subfield code="z">Papua New Guinea.</marc:subfield></marc:datafield><marc:datafield tag="700" ind1="1" ind2="0"><marc:subfield code="a">Guthrie, Gerard.</marc:subfield></marc:datafield><marc:datafield tag="700" ind1="1" ind2="0"><marc:subfield code="a">Field, Sharon.</marc:subfield></marc:datafield><marc:datafield tag="035" ind1=" " ind2=" "><marc:subfield code="a">(TxDaGIAL)37741100008106</marc:subfield></marc:datafield><marc:controlfield tag="005">20080624154600.0</marc:controlfield><marc:controlfield tag="001">872</marc:controlfield><marc:controlfield tag="003">TxDaGIAL</marc:controlfield><marc:datafield tag="852" ind1=" " ind2=" "><marc:subfield code="p">37741100008106</marc:subfield><marc:subfield code="a">Library</marc:subfield><marc:subfield code="x">COPYID:997</marc:subfield><marc:subfield code="x">FSC@aRegular@c19950914</marc:subfield><marc:subfield code="h">370.9953 E73w no.2 1977</marc:subfield></marc:datafield><marc:datafield tag="852" ind1=" " ind2=" "><marc:subfield code="p">37741100008107</marc:subfield><marc:subfield code="a">Library</marc:subfield><marc:subfield code="x">COPYID:998</marc:subfield><marc:subfield code="x">FSC@aRegular@c19950914</marc:subfield><marc:subfield code="h">370.9953 E73w no.2 1977</marc:subfield></marc:datafield></marc:record>