
<marc:record><marc:leader>00809cam a2200241 i 4500</marc:leader>
<marc:controlfield tag="008">690909s1969    maua     b    00110 eng  </marc:controlfield>
<marc:datafield tag="010" ind1=" " ind2=" "><marc:subfield code="a">   79076073</marc:subfield></marc:datafield><marc:datafield tag="040" ind1=" " ind2=" "><marc:subfield code="a">DLC</marc:subfield><marc:subfield code="c">DLC</marc:subfield><marc:subfield code="d">TxDaGIAL</marc:subfield></marc:datafield><marc:datafield tag="050" ind1="0" ind2=" "><marc:subfield code="a">PN4121</marc:subfield><marc:subfield code="b">.N23</marc:subfield></marc:datafield><marc:datafield tag="082" ind1=" " ind2=" "><marc:subfield code="a">808.5</marc:subfield></marc:datafield><marc:datafield tag="100" ind1="1" ind2="0"><marc:subfield code="a">Nadeau, Ray E.,</marc:subfield><marc:subfield code="d">1913-</marc:subfield></marc:datafield><marc:datafield tag="245" ind1="1" ind2="2"><marc:subfield code="a">A basic rhetoric of speech-communication /</marc:subfield><marc:subfield code="c">[by] Ray E. Nadeau.</marc:subfield></marc:datafield><marc:datafield tag="260" ind1="0" ind2=" "><marc:subfield code="a">Reading, Mass. :</marc:subfield><marc:subfield code="b">Addison-Wesley,</marc:subfield><marc:subfield code="c">[1969]</marc:subfield></marc:datafield><marc:datafield tag="300" ind1=" " ind2=" "><marc:subfield code="a">xi, 291 p. :</marc:subfield><marc:subfield code="b">ill., plans. ;</marc:subfield><marc:subfield code="c">24 cm.</marc:subfield></marc:datafield><marc:datafield tag="490" ind1="0" ind2=" "><marc:subfield code="a">Addison-Wesley series in speech</marc:subfield></marc:datafield><marc:datafield tag="504" ind1=" " ind2=" "><marc:subfield code="a">Bibliography: p. 281-285.</marc:subfield></marc:datafield><marc:datafield tag="650" ind1=" " ind2="0"><marc:subfield code="a">Oral communication.</marc:subfield></marc:datafield><marc:datafield tag="650" ind1=" " ind2="0"><marc:subfield code="a">Oratory.</marc:subfield></marc:datafield><marc:datafield tag="035" ind1=" " ind2=" "><marc:subfield code="a">(TxDaGIAL)37741100009435</marc:subfield></marc:datafield><marc:controlfield tag="005">20080624154600.0</marc:controlfield><marc:controlfield tag="001">873</marc:controlfield><marc:controlfield tag="003">TxDaGIAL</marc:controlfield><marc:datafield tag="852" ind1=" " ind2=" "><marc:subfield code="p">37741100009435</marc:subfield><marc:subfield code="a">Library</marc:subfield><marc:subfield code="9">$0.00</marc:subfield><marc:subfield code="x">COPYID:999</marc:subfield><marc:subfield code="x">FSC@aRegular@c19951108</marc:subfield><marc:subfield code="h">808.5 N134b 1969</marc:subfield><marc:subfield code="z">Steve Thrasher gift 10-93</marc:subfield></marc:datafield></marc:record>