
<marc:record><marc:leader>00933cam a2200229 i 4500</marc:leader>
<marc:controlfield tag="008">790131s1978    inua         s00010 eng  </marc:controlfield>
<marc:datafield tag="010" ind1=" " ind2=" "><marc:subfield code="a">   78111477 //r873</marc:subfield></marc:datafield><marc:datafield tag="040" ind1=" " ind2=" "><marc:subfield code="a">DLC</marc:subfield><marc:subfield code="c">DLC</marc:subfield></marc:datafield><marc:datafield tag="050" ind1="0" ind2=" "><marc:subfield code="a">PL8689.2</marc:subfield><marc:subfield code="b">.D4</marc:subfield></marc:datafield><marc:datafield tag="082" ind1=" " ind2=" "><marc:subfield code="a">496/.39</marc:subfield></marc:datafield><marc:datafield tag="100" ind1="1" ind2="0"><marc:subfield code="a">Demuth, Katherine.</marc:subfield></marc:datafield><marc:datafield tag="245" ind1="1" ind2="0"><marc:subfield code="a">Basic SeSotho, an oral approach :</marc:subfield><marc:subfield code="b">supplementary text /</marc:subfield><marc:subfield code="c">by Katherine Demuth and Tholoana Sekhesa.</marc:subfield></marc:datafield><marc:datafield tag="260" ind1="0" ind2=" "><marc:subfield code="a">Bloomington, Ind. :</marc:subfield><marc:subfield code="b">African Studies Program, Indiana University,</marc:subfield><marc:subfield code="c">1978.</marc:subfield></marc:datafield><marc:datafield tag="300" ind1=" " ind2=" "><marc:subfield code="a">91 p. in various pagings, [4] leaves of plates :</marc:subfield><marc:subfield code="b">ill. ;</marc:subfield><marc:subfield code="c">28 cm.</marc:subfield></marc:datafield><marc:datafield tag="650" ind1=" " ind2="0"><marc:subfield code="a">Sotho language</marc:subfield><marc:subfield code="v">Textbooks for foreign speakers</marc:subfield><marc:subfield code="x">English.</marc:subfield></marc:datafield><marc:datafield tag="700" ind1="1" ind2="0"><marc:subfield code="a">Sekhesa, Tholoana,</marc:subfield><marc:subfield code="e">joint author.</marc:subfield></marc:datafield><marc:datafield tag="710" ind1="2" ind2="0"><marc:subfield code="a">Indiana University, Bloomington.</marc:subfield><marc:subfield code="b">African Studies Program.</marc:subfield></marc:datafield><marc:datafield tag="035" ind1=" " ind2=" "><marc:subfield code="a">(TxDaGIAL)37741100003632</marc:subfield></marc:datafield><marc:controlfield tag="005">20080624154600.0</marc:controlfield><marc:controlfield tag="001">874</marc:controlfield><marc:controlfield tag="003">TxDaGIAL</marc:controlfield><marc:datafield tag="852" ind1=" " ind2=" "><marc:subfield code="p">37741100003632</marc:subfield><marc:subfield code="a">Library</marc:subfield><marc:subfield code="9">$7.00</marc:subfield><marc:subfield code="x">COPYID:1000</marc:subfield><marc:subfield code="x">FSC@aRegular@c19950420</marc:subfield><marc:subfield code="h">496.3977 D389b 1978</marc:subfield><marc:subfield code="z">dir 7-92</marc:subfield></marc:datafield></marc:record>