
<marc:record><marc:leader>00686cam a22002170i 4500</marc:leader>
<marc:controlfield tag="008">770210s1970    nyu              1  eng x</marc:controlfield>
<marc:datafield tag="040" ind1=" " ind2=" "><marc:subfield code="d">TxDaGIAL</marc:subfield></marc:datafield><marc:datafield tag="041" ind1=" " ind2=" "><marc:subfield code="a">engspa</marc:subfield></marc:datafield><marc:datafield tag="046" ind1=" " ind2=" "><marc:subfield code="a">OME</marc:subfield><marc:subfield code="b">eng</marc:subfield></marc:datafield><marc:datafield tag="100" ind1="1" ind2="0"><marc:subfield code="a">Boggs, Ralph Steele,</marc:subfield><marc:subfield code="d">1901-</marc:subfield></marc:datafield><marc:datafield tag="245" ind1="1" ind2="0"><marc:subfield code="a">Basic Spanish pronunciation.</marc:subfield></marc:datafield><marc:datafield tag="260" ind1=" " ind2=" "><marc:subfield code="a">New York :</marc:subfield><marc:subfield code="b">Regents Publishing,</marc:subfield><marc:subfield code="c">c1970.</marc:subfield></marc:datafield><marc:datafield tag="300" ind1=" " ind2=" "><marc:subfield code="a">105 p. :</marc:subfield><marc:subfield code="b">ill. ;</marc:subfield><marc:subfield code="c">22 cm.</marc:subfield></marc:datafield><marc:datafield tag="440" ind1=" " ind2="0"><marc:subfield code="a">Regents publication</marc:subfield></marc:datafield><marc:datafield tag="650" ind1=" " ind2="0"><marc:subfield code="a">Spanish language</marc:subfield><marc:subfield code="x">Pronunciation.</marc:subfield></marc:datafield><marc:datafield tag="650" ind1=" " ind2="0"><marc:subfield code="a">Spanish language</marc:subfield><marc:subfield code="x">Text-books for foreigners.</marc:subfield></marc:datafield><marc:datafield tag="035" ind1=" " ind2=" "><marc:subfield code="a">(TxDaGIAL)37741100018449</marc:subfield></marc:datafield><marc:controlfield tag="005">20080624154601.0</marc:controlfield><marc:controlfield tag="001">875</marc:controlfield><marc:controlfield tag="003">TxDaGIAL</marc:controlfield><marc:datafield tag="852" ind1=" " ind2=" "><marc:subfield code="p">37741100018449</marc:subfield><marc:subfield code="a">Library</marc:subfield><marc:subfield code="x">COPYID:1001</marc:subfield><marc:subfield code="x">FSC@aRegular@c19970619</marc:subfield><marc:subfield code="h">468.1 B674b 1970</marc:subfield></marc:datafield></marc:record>