
<marc:record><marc:leader>01944cam a2200277 i 4500</marc:leader>
<marc:controlfield tag="008">701202s1970    nyua     b    00110 eng  </marc:controlfield>
<marc:datafield tag="010" ind1=" " ind2=" "><marc:subfield code="a">   76116851</marc:subfield></marc:datafield><marc:datafield tag="020" ind1=" " ind2=" "><marc:subfield code="a">0465005780</marc:subfield></marc:datafield><marc:datafield tag="040" ind1=" " ind2=" "><marc:subfield code="a">DLC</marc:subfield><marc:subfield code="c">DLC</marc:subfield><marc:subfield code="d">TxDaGIAL</marc:subfield></marc:datafield><marc:datafield tag="050" ind1="0" ind2=" "><marc:subfield code="a">LB1050</marc:subfield><marc:subfield code="b">.L48</marc:subfield></marc:datafield><marc:datafield tag="082" ind1=" " ind2=" "><marc:subfield code="a">428.4</marc:subfield></marc:datafield><marc:datafield tag="100" ind1="1" ind2="0"><marc:subfield code="a">Levin, Harry,</marc:subfield><marc:subfield code="d">1925-</marc:subfield></marc:datafield><marc:datafield tag="245" ind1="1" ind2="0"><marc:subfield code="a">Basic studies on reading /</marc:subfield><marc:subfield code="c">edited by Harry Levin and Joanna P. Williams.</marc:subfield></marc:datafield><marc:datafield tag="260" ind1="0" ind2=" "><marc:subfield code="a">New York :</marc:subfield><marc:subfield code="b">Basic Books,</marc:subfield><marc:subfield code="c">[1970]</marc:subfield></marc:datafield><marc:datafield tag="300" ind1=" " ind2=" "><marc:subfield code="a">xii, 283 p. :</marc:subfield><marc:subfield code="b">illus. ;</marc:subfield><marc:subfield code="c">24 cm.</marc:subfield></marc:datafield><marc:datafield tag="500" ind1=" " ind2=" "><marc:subfield code="a">&quot;Many ... of the studies were instigated ... by Project Literacy.&quot;</marc:subfield></marc:datafield><marc:datafield tag="504" ind1=" " ind2=" "><marc:subfield code="a">Includes bibliographies.</marc:subfield></marc:datafield><marc:datafield tag="505" ind1="0" ind2=" "><marc:subfield code="a">Phonology and reading, by N. Chomsky.--Linguistic forms and the process of reading, by D. W. Reed.--Regularity in reading and spelling, by R. L. Venezky.--Linguistics and reading: a commentary on chapters 1 to 3, by W. N. Francis.--Utilization of spelling patterns by deaf and hearing subjects, by E. J. Gibson, A. Shurcliff, and A. Yonas.--Components of literacy: speculations and exploratory research, by J. Hochberg.--Three stages of reading, by P. A. Kolers.--Grammatical structure and reading, by H. Levin and E. L. Kaplan.--Reading by eye, by T. G. R. Bower.--First-graders' use of grammatical context in reading, by R.-M. Weber.--Psychology and reading: commentary on chapters 5 to 10, by R. Brown.--A motivational content analysis of children's primers, by G. E. Blom, R. R. Waite, and S. G. Zimet.--The reading of the -ed suffix, by W. Labov.--Story retelling: a study of sequential speech in young children, by V. P. John, V. M. Horner, and T. D. Berney.--From basic research on reading to educational practice, by J. P. Williams.</marc:subfield></marc:datafield><marc:datafield tag="650" ind1=" " ind2="0"><marc:subfield code="a">Reading.</marc:subfield></marc:datafield><marc:datafield tag="700" ind1="1" ind2="0"><marc:subfield code="a">Williams, Joanna P.,</marc:subfield><marc:subfield code="e">joint author.</marc:subfield></marc:datafield><marc:datafield tag="710" ind1="2" ind2="0"><marc:subfield code="a">Project Literacy.</marc:subfield></marc:datafield><marc:datafield tag="035" ind1=" " ind2=" "><marc:subfield code="a">(TxDaGIAL)37741100010072</marc:subfield></marc:datafield><marc:controlfield tag="005">20080624154601.0</marc:controlfield><marc:controlfield tag="001">878</marc:controlfield><marc:controlfield tag="003">TxDaGIAL</marc:controlfield><marc:datafield tag="852" ind1=" " ind2=" "><marc:subfield code="p">37741100010072</marc:subfield><marc:subfield code="a">Library</marc:subfield><marc:subfield code="x">COPYID:1004</marc:subfield><marc:subfield code="x">FSC@aRegular@c19951208</marc:subfield><marc:subfield code="h">372.4 B311L 1970</marc:subfield><marc:subfield code="z">3323</marc:subfield></marc:datafield></marc:record>