
<marc:record><marc:leader>00986nam a2200253 i 4500</marc:leader>
<marc:controlfield tag="008">810409s1947    pau      d    00000 eng  </marc:controlfield>
<marc:datafield tag="010" ind1=" " ind2=" "><marc:subfield code="a">   47026851</marc:subfield><marc:subfield code="z">47026851</marc:subfield></marc:datafield><marc:datafield tag="035" ind1=" " ind2=" "><marc:subfield code="a">(CU-UC)dlaisn3235802</marc:subfield></marc:datafield><marc:datafield tag="040" ind1=" " ind2=" "><marc:subfield code="a">DLC</marc:subfield><marc:subfield code="c">CarP</marc:subfield><marc:subfield code="d">CStRLIN</marc:subfield><marc:subfield code="d">TxDaGIAL</marc:subfield></marc:datafield><marc:datafield tag="050" ind1="0" ind2=" "><marc:subfield code="a">PD5680</marc:subfield><marc:subfield code="b">.A6</marc:subfield></marc:datafield><marc:datafield tag="082" ind1=" " ind2=" "><marc:subfield code="a">439.73</marc:subfield></marc:datafield><marc:datafield tag="100" ind1="1" ind2="0"><marc:subfield code="a">Allwood, Martin Samuel,</marc:subfield><marc:subfield code="d">1916-</marc:subfield></marc:datafield><marc:datafield tag="245" ind1="1" ind2="0"><marc:subfield code="a">Basic Swedish word list :</marc:subfield><marc:subfield code="b">with English equivalents, frequency grading and a statistical analysis /</marc:subfield><marc:subfield code="c">by Martin S. Allwood and Inga Wilhelmsen.</marc:subfield></marc:datafield><marc:datafield tag="260" ind1="0" ind2=" "><marc:subfield code="a">Philadelphia, Penn. :</marc:subfield><marc:subfield code="b">Fortress Press,</marc:subfield><marc:subfield code="c">c1947.</marc:subfield></marc:datafield><marc:datafield tag="300" ind1=" " ind2=" "><marc:subfield code="a">48 p. ;</marc:subfield><marc:subfield code="c">28 cm.</marc:subfield></marc:datafield><marc:datafield tag="504" ind1=" " ind2=" "><marc:subfield code="a">Bibliography: p. [3] of cover.</marc:subfield></marc:datafield><marc:datafield tag="650" ind1=" " ind2="0"><marc:subfield code="a">Swedish language</marc:subfield><marc:subfield code="v">Glossaries, vocabularies, etc.</marc:subfield></marc:datafield><marc:datafield tag="650" ind1=" " ind2="0"><marc:subfield code="a">Swedish language</marc:subfield><marc:subfield code="v">Dictionaries</marc:subfield><marc:subfield code="x">English.</marc:subfield></marc:datafield><marc:datafield tag="700" ind1="1" ind2="0"><marc:subfield code="a">Wilhelmsen, Inga,</marc:subfield><marc:subfield code="d">1921-</marc:subfield><marc:subfield code="e">joint author.</marc:subfield></marc:datafield><marc:datafield tag="035" ind1=" " ind2=" "><marc:subfield code="a">(TxDaGIAL)37741100014053</marc:subfield></marc:datafield><marc:controlfield tag="005">20080624154601.0</marc:controlfield><marc:controlfield tag="001">879</marc:controlfield><marc:controlfield tag="003">TxDaGIAL</marc:controlfield><marc:datafield tag="852" ind1=" " ind2=" "><marc:subfield code="p">37741100014053</marc:subfield><marc:subfield code="a">Library</marc:subfield><marc:subfield code="x">COPYID:1005</marc:subfield><marc:subfield code="x">FSC@aRegular@c19961203</marc:subfield><marc:subfield code="h">439.73 A442b 1947</marc:subfield><marc:subfield code="z">13825</marc:subfield></marc:datafield></marc:record>