
<marc:record><marc:leader>00871nam a2200229 a 4500</marc:leader>
<marc:controlfield tag="008">960709s1978    it            000 0 eng d</marc:controlfield>
<marc:datafield tag="040" ind1=" " ind2=" "><marc:subfield code="a">TxDaGIAL</marc:subfield><marc:subfield code="c">TxDaGIAL</marc:subfield></marc:datafield><marc:datafield tag="082" ind1="0" ind2="4"><marc:subfield code="a">016.22</marc:subfield></marc:datafield><marc:datafield tag="100" ind1="1" ind2=" "><marc:subfield code="a">Marrow, Stanley B.</marc:subfield></marc:datafield><marc:datafield tag="245" ind1="1" ind2="0"><marc:subfield code="a">Basic tools of biblical exegesis :</marc:subfield><marc:subfield code="b">a student's manual, a reprint of the 1976 edition with addenda et corrigenda /</marc:subfield><marc:subfield code="c">Stanley B. Marrow.</marc:subfield></marc:datafield><marc:datafield tag="250" ind1=" " ind2=" "><marc:subfield code="a">1978.</marc:subfield></marc:datafield><marc:datafield tag="260" ind1=" " ind2=" "><marc:subfield code="a">Rome :</marc:subfield><marc:subfield code="b">Biblical Institute,</marc:subfield><marc:subfield code="c">1978.</marc:subfield></marc:datafield><marc:datafield tag="300" ind1=" " ind2=" "><marc:subfield code="a">91, [7] p. ;</marc:subfield><marc:subfield code="c">24 cm.</marc:subfield></marc:datafield><marc:datafield tag="440" ind1=" " ind2="0"><marc:subfield code="a">Subsidia Biblica ;</marc:subfield><marc:subfield code="v">2</marc:subfield></marc:datafield><marc:datafield tag="500" ind1=" " ind2=" "><marc:subfield code="a">First published in 1971 under title: Biblical methodology, a student's manual of basic tools.</marc:subfield></marc:datafield><marc:datafield tag="500" ind1=" " ind2=" "><marc:subfield code="a">Includes index.</marc:subfield></marc:datafield><marc:datafield tag="630" ind1="0" ind2="0"><marc:subfield code="a">Bible</marc:subfield><marc:subfield code="v">Bibliography.</marc:subfield></marc:datafield><marc:datafield tag="035" ind1=" " ind2=" "><marc:subfield code="a">(TxDaGIAL)37741100012401</marc:subfield></marc:datafield><marc:controlfield tag="005">20080624154602.0</marc:controlfield><marc:controlfield tag="001">882</marc:controlfield><marc:controlfield tag="003">TxDaGIAL</marc:controlfield><marc:datafield tag="852" ind1=" " ind2=" "><marc:subfield code="p">37741100012401</marc:subfield><marc:subfield code="a">Library</marc:subfield><marc:subfield code="x">COPYID:1008</marc:subfield><marc:subfield code="x">FSC@aRegular@c19960711@j@j@j@i@i@i</marc:subfield><marc:subfield code="h">016.22 M361b 1978</marc:subfield><marc:subfield code="z">7929</marc:subfield></marc:datafield></marc:record>