
<marc:record><marc:leader>01016nam a2200253Ia 4500</marc:leader>
<marc:controlfield tag="008">810121r19761964ph            00000 eng d</marc:controlfield>
<marc:datafield tag="035" ind1=" " ind2=" "><marc:subfield code="a">(CU-UC)5477533</marc:subfield></marc:datafield><marc:datafield tag="040" ind1=" " ind2=" "><marc:subfield code="a">OSU</marc:subfield><marc:subfield code="c">OSU</marc:subfield><marc:subfield code="d">m/c</marc:subfield><marc:subfield code="d">TxDaGIAL</marc:subfield></marc:datafield><marc:datafield tag="041" ind1="0" ind2=" "><marc:subfield code="a">engvie</marc:subfield></marc:datafield><marc:datafield tag="245" ind1="0" ind2="0"><marc:subfield code="a">Basic Vietnamese conversation course /</marc:subfield><marc:subfield code="c">Summer Institute of Linguistics, University of North Dakota.</marc:subfield></marc:datafield><marc:datafield tag="260" ind1="0" ind2=" "><marc:subfield code="a">Manila, Philippines :</marc:subfield><marc:subfield code="b">Summer Institute of Linguistics,</marc:subfield><marc:subfield code="c">1976.</marc:subfield></marc:datafield><marc:datafield tag="300" ind1=" " ind2=" "><marc:subfield code="a">122 p. ;</marc:subfield><marc:subfield code="c">17 cm.</marc:subfield></marc:datafield><marc:datafield tag="500" ind1=" " ind2=" "><marc:subfield code="a">Cover title: Basic Vietnamese course.</marc:subfield></marc:datafield><marc:datafield tag="500" ind1=" " ind2=" "><marc:subfield code="a">Originally published in 1964.</marc:subfield></marc:datafield><marc:datafield tag="546" ind1=" " ind2=" "><marc:subfield code="a">English.</marc:subfield></marc:datafield><marc:datafield tag="650" ind1=" " ind2="0"><marc:subfield code="a">Vietnamese language</marc:subfield><marc:subfield code="v">Conversation and phrase books.</marc:subfield></marc:datafield><marc:datafield tag="710" ind1="2" ind2="0"><marc:subfield code="a">Summer Institute of Linguistics.</marc:subfield></marc:datafield><marc:datafield tag="740" ind1="0" ind2="1"><marc:subfield code="a">Basic Vietnamese course.</marc:subfield></marc:datafield><marc:datafield tag="035" ind1=" " ind2=" "><marc:subfield code="a">(TxDaGIAL)37741100021607</marc:subfield></marc:datafield><marc:controlfield tag="005">20080624154602.0</marc:controlfield><marc:controlfield tag="001">883</marc:controlfield><marc:controlfield tag="003">TxDaGIAL</marc:controlfield><marc:datafield tag="852" ind1=" " ind2=" "><marc:subfield code="p">37741100021607</marc:subfield><marc:subfield code="a">Library</marc:subfield><marc:subfield code="x">COPYID:1009</marc:subfield><marc:subfield code="x">FSC@aRegular@c19980825</marc:subfield><marc:subfield code="h">495.922824 S955b 1976</marc:subfield><marc:subfield code="z">gift</marc:subfield></marc:datafield><marc:datafield tag="852" ind1=" " ind2=" "><marc:subfield code="p">37741100022020</marc:subfield><marc:subfield code="a">Library</marc:subfield><marc:subfield code="x">COPYID:1010</marc:subfield><marc:subfield code="x">FSC@aRegular@c19971203</marc:subfield><marc:subfield code="h">495.922824 S955b 1976</marc:subfield><marc:subfield code="z">gift from Manila</marc:subfield></marc:datafield></marc:record>