
<marc:record><marc:leader>00765nam a2200217Ia 4500</marc:leader>
<marc:controlfield tag="008">720419s1964    vm            00000 eng d</marc:controlfield>
<marc:datafield tag="035" ind1=" " ind2=" "><marc:subfield code="a">(CU-UC)7234451</marc:subfield></marc:datafield><marc:datafield tag="040" ind1=" " ind2=" "><marc:subfield code="a">OUN</marc:subfield><marc:subfield code="c">OUN</marc:subfield><marc:subfield code="d">CUI</marc:subfield><marc:subfield code="d">TxDaGIAL</marc:subfield></marc:datafield><marc:datafield tag="041" ind1="1" ind2=" "><marc:subfield code="a">engvie</marc:subfield></marc:datafield><marc:datafield tag="245" ind1="0" ind2="0"><marc:subfield code="a">Basic Vietnamese conversation course.</marc:subfield></marc:datafield><marc:datafield tag="260" ind1="0" ind2=" "><marc:subfield code="a">Saigon :</marc:subfield><marc:subfield code="b">Trung-Tn Printing House,</marc:subfield><marc:subfield code="c">[1964]</marc:subfield></marc:datafield><marc:datafield tag="300" ind1=" " ind2=" "><marc:subfield code="a">121 p. ;</marc:subfield><marc:subfield code="c">16 cm.</marc:subfield></marc:datafield><marc:datafield tag="500" ind1=" " ind2=" "><marc:subfield code="a">At head of title: Summer Institute of Linguistics, University of North Dakota.</marc:subfield></marc:datafield><marc:datafield tag="546" ind1=" " ind2=" "><marc:subfield code="a">English.</marc:subfield></marc:datafield><marc:datafield tag="650" ind1=" " ind2="0"><marc:subfield code="a">Vietnamese language</marc:subfield><marc:subfield code="v">Conversation and phrase books.</marc:subfield></marc:datafield><marc:datafield tag="710" ind1="2" ind2="0"><marc:subfield code="a">Summer Institute of Linguistics.</marc:subfield></marc:datafield><marc:datafield tag="035" ind1=" " ind2=" "><marc:subfield code="a">(TxDaGIAL)37741100021608</marc:subfield></marc:datafield><marc:controlfield tag="005">20080624154602.0</marc:controlfield><marc:controlfield tag="001">884</marc:controlfield><marc:controlfield tag="003">TxDaGIAL</marc:controlfield><marc:datafield tag="852" ind1=" " ind2=" "><marc:subfield code="p">37741100021608</marc:subfield><marc:subfield code="a">Library</marc:subfield><marc:subfield code="x">COPYID:1011</marc:subfield><marc:subfield code="x">FSC@aRegular@c19971104</marc:subfield><marc:subfield code="h">495.922824 S955b 1964</marc:subfield></marc:datafield></marc:record>