
<marc:record><marc:leader>01014pam a2200265 a 4500</marc:leader>
<marc:controlfield tag="008">860326s1986    enk      b    00110 eng  </marc:controlfield>
<marc:datafield tag="010" ind1=" " ind2=" "><marc:subfield code="a">   86006409</marc:subfield></marc:datafield><marc:datafield tag="020" ind1=" " ind2=" "><marc:subfield code="a">0709924992 :</marc:subfield><marc:subfield code="c">$34.50</marc:subfield></marc:datafield><marc:datafield tag="040" ind1=" " ind2=" "><marc:subfield code="a">DLC</marc:subfield><marc:subfield code="c">DLC</marc:subfield><marc:subfield code="d">TxDaGIAL</marc:subfield></marc:datafield><marc:datafield tag="050" ind1="0" ind2=" "><marc:subfield code="a">P295</marc:subfield><marc:subfield code="b">.T65 1986</marc:subfield></marc:datafield><marc:datafield tag="082" ind1="0" ind2=" "><marc:subfield code="a">415</marc:subfield><marc:subfield code="2">19</marc:subfield></marc:datafield><marc:datafield tag="100" ind1="1" ind2="0"><marc:subfield code="a">Tomlin, Russell S.</marc:subfield></marc:datafield><marc:datafield tag="245" ind1="1" ind2="0"><marc:subfield code="a">Basic word order :</marc:subfield><marc:subfield code="b">functional principles /</marc:subfield><marc:subfield code="c">Russell S. Tomlin.</marc:subfield></marc:datafield><marc:datafield tag="260" ind1="0" ind2=" "><marc:subfield code="a">London ;</marc:subfield><marc:subfield code="a">Wolfeboro, N.H. :</marc:subfield><marc:subfield code="b">Croom Helm,</marc:subfield><marc:subfield code="c">c1986.</marc:subfield></marc:datafield><marc:datafield tag="300" ind1=" " ind2=" "><marc:subfield code="a">308 p. ;</marc:subfield><marc:subfield code="c">23 cm.</marc:subfield></marc:datafield><marc:datafield tag="440" ind1=" " ind2="0"><marc:subfield code="a">Croom Helm linguistics series</marc:subfield></marc:datafield><marc:datafield tag="500" ind1=" " ind2=" "><marc:subfield code="a">Revision of author's thesis--University of Michigan, 1979, originally presented under the title: An explanation of the distribution of basic constituent orders.</marc:subfield></marc:datafield><marc:datafield tag="504" ind1=" " ind2=" "><marc:subfield code="a">Bibliography: p. 140-153.</marc:subfield></marc:datafield><marc:datafield tag="500" ind1=" " ind2=" "><marc:subfield code="a">Includes index.</marc:subfield></marc:datafield><marc:datafield tag="650" ind1=" " ind2="0"><marc:subfield code="a">Grammar, Comparative and general</marc:subfield><marc:subfield code="x">Word order.</marc:subfield></marc:datafield><marc:datafield tag="035" ind1=" " ind2=" "><marc:subfield code="a">(TxDaGIAL)37741100008729</marc:subfield></marc:datafield><marc:controlfield tag="005">20080624154602.0</marc:controlfield><marc:controlfield tag="001">885</marc:controlfield><marc:controlfield tag="003">TxDaGIAL</marc:controlfield><marc:datafield tag="852" ind1=" " ind2=" "><marc:subfield code="p">37741100008729</marc:subfield><marc:subfield code="a">Library</marc:subfield><marc:subfield code="x">COPYID:1012</marc:subfield><marc:subfield code="x">FSC@aRegular@c19951013</marc:subfield><marc:subfield code="h">415 T659b 1986</marc:subfield><marc:subfield code="z">13092</marc:subfield></marc:datafield></marc:record>