
<marc:record><marc:leader>01097cam a2200253 a 4500</marc:leader>
<marc:controlfield tag="008">841221s1985    cau      pb   00010 eng  </marc:controlfield>
<marc:datafield tag="010" ind1=" " ind2=" "><marc:subfield code="a">   84029269</marc:subfield></marc:datafield><marc:datafield tag="020" ind1=" " ind2=" "><marc:subfield code="a">0887441092 (pbk.) :</marc:subfield><marc:subfield code="c">$17.95 (est.)</marc:subfield></marc:datafield><marc:datafield tag="040" ind1=" " ind2=" "><marc:subfield code="a">DLC</marc:subfield><marc:subfield code="c">DLC</marc:subfield><marc:subfield code="d">TxDaGIAL</marc:subfield></marc:datafield><marc:datafield tag="050" ind1="0" ind2=" "><marc:subfield code="a">P217.3</marc:subfield><marc:subfield code="b">.K49 1985</marc:subfield></marc:datafield><marc:datafield tag="082" ind1="0" ind2=" "><marc:subfield code="a">414/.07/7</marc:subfield><marc:subfield code="2">19</marc:subfield></marc:datafield><marc:datafield tag="100" ind1="1" ind2="0"><marc:subfield code="a">Khan, Linda M. L.,</marc:subfield><marc:subfield code="d">1948-</marc:subfield></marc:datafield><marc:datafield tag="245" ind1="1" ind2="0"><marc:subfield code="a">Basics of phonological analysis :</marc:subfield><marc:subfield code="b">a programmed learning text /</marc:subfield><marc:subfield code="c">Linda M.L. Khan.</marc:subfield></marc:datafield><marc:datafield tag="260" ind1="0" ind2=" "><marc:subfield code="a">San Diego, Calif. :</marc:subfield><marc:subfield code="b">College-Hill Press,</marc:subfield><marc:subfield code="c">c1985.</marc:subfield></marc:datafield><marc:datafield tag="300" ind1=" " ind2=" "><marc:subfield code="a">xvi, 266 p. ;</marc:subfield><marc:subfield code="c">26 cm.</marc:subfield></marc:datafield><marc:datafield tag="504" ind1=" " ind2=" "><marc:subfield code="a">Includes bibliographical references (p. 265-266).</marc:subfield></marc:datafield><marc:datafield tag="500" ind1=" " ind2=" "><marc:subfield code="a">&quot;Extensive practice in the phonological analysis of complete samples is available in a companion volume, entitled Applications of Phonological Analysis&quot; -- Preface.</marc:subfield></marc:datafield><marc:datafield tag="650" ind1=" " ind2="0"><marc:subfield code="a">Grammar, Comparative and general</marc:subfield><marc:subfield code="x">Phonology</marc:subfield><marc:subfield code="v">Programmed instruction.</marc:subfield></marc:datafield><marc:datafield tag="740" ind1="0" ind2="1"><marc:subfield code="a">Applications of phonological analysis.</marc:subfield></marc:datafield><marc:datafield tag="035" ind1=" " ind2=" "><marc:subfield code="a">(TxDaGIAL)37741100010128</marc:subfield></marc:datafield><marc:controlfield tag="005">20080624154602.0</marc:controlfield><marc:controlfield tag="001">886</marc:controlfield><marc:controlfield tag="003">TxDaGIAL</marc:controlfield><marc:datafield tag="852" ind1=" " ind2=" "><marc:subfield code="p">37741100010128</marc:subfield><marc:subfield code="a">Library</marc:subfield><marc:subfield code="x">COPYID:1013</marc:subfield><marc:subfield code="x">FSC@aRegular@c19951208</marc:subfield><marc:subfield code="h">414.077 K12b 1985</marc:subfield><marc:subfield code="z">12520</marc:subfield></marc:datafield></marc:record>