
<marc:record><marc:leader>00982cam a2200265 a 4500</marc:leader>
<marc:controlfield tag="008">900517s1990    cau      b    00110 eng  </marc:controlfield>
<marc:datafield tag="010" ind1=" " ind2=" "><marc:subfield code="a">   90039609 //r912</marc:subfield></marc:datafield><marc:datafield tag="020" ind1=" " ind2=" "><marc:subfield code="a">0803932502 (C)</marc:subfield></marc:datafield><marc:datafield tag="020" ind1=" " ind2=" "><marc:subfield code="a">0803932510(P) :</marc:subfield><marc:subfield code="c">$21.95</marc:subfield></marc:datafield><marc:datafield tag="040" ind1=" " ind2=" "><marc:subfield code="a">DLC</marc:subfield><marc:subfield code="c">DLC</marc:subfield><marc:subfield code="d">DLC</marc:subfield><marc:subfield code="d">OCoLC</marc:subfield><marc:subfield code="d">TxDaGIAL</marc:subfield></marc:datafield><marc:datafield tag="050" ind1="0" ind2="0"><marc:subfield code="a">HA29</marc:subfield><marc:subfield code="b">.S823 1990</marc:subfield></marc:datafield><marc:datafield tag="082" ind1="0" ind2="0"><marc:subfield code="a">300/.72</marc:subfield><marc:subfield code="2">20</marc:subfield></marc:datafield><marc:datafield tag="100" ind1="1" ind2="0"><marc:subfield code="a">Strauss, Anselm L.</marc:subfield></marc:datafield><marc:datafield tag="245" ind1="1" ind2="0"><marc:subfield code="a">Basics of qualitative research :</marc:subfield><marc:subfield code="b">grounded theory procedures and techniques /</marc:subfield><marc:subfield code="c">Anselm Strauss, Juliet Corbin.</marc:subfield></marc:datafield><marc:datafield tag="260" ind1="0" ind2=" "><marc:subfield code="a">Newbury Park, Calif. :</marc:subfield><marc:subfield code="b">Sage Publications,</marc:subfield><marc:subfield code="c">c1990.</marc:subfield></marc:datafield><marc:datafield tag="300" ind1=" " ind2=" "><marc:subfield code="a">270 p. ;</marc:subfield><marc:subfield code="c">23 cm.</marc:subfield></marc:datafield><marc:datafield tag="504" ind1=" " ind2=" "><marc:subfield code="a">Includes bibliographical references (p. 260-263) and index.</marc:subfield></marc:datafield><marc:datafield tag="650" ind1=" " ind2="0"><marc:subfield code="a">Social sciences</marc:subfield><marc:subfield code="x">Statistical methods.</marc:subfield></marc:datafield><marc:datafield tag="650" ind1=" " ind2="0"><marc:subfield code="a">Grounded theory.</marc:subfield></marc:datafield><marc:datafield tag="700" ind1="1" ind2="0"><marc:subfield code="a">Corbin, Juliet M.,</marc:subfield><marc:subfield code="d">1942-</marc:subfield></marc:datafield><marc:datafield tag="035" ind1=" " ind2=" "><marc:subfield code="a">(TxDaGIAL)37741100001013</marc:subfield></marc:datafield><marc:controlfield tag="005">20080624154603.0</marc:controlfield><marc:controlfield tag="001">887</marc:controlfield><marc:controlfield tag="003">TxDaGIAL</marc:controlfield><marc:datafield tag="852" ind1=" " ind2=" "><marc:subfield code="p">37741100001013</marc:subfield><marc:subfield code="a">Library</marc:subfield><marc:subfield code="9">$19.58</marc:subfield><marc:subfield code="x">COPYID:1014</marc:subfield><marc:subfield code="x">FSC@aRegular@c19950109</marc:subfield><marc:subfield code="h">300.72 S912b 1990</marc:subfield><marc:subfield code="z">B/T 3-4-94</marc:subfield></marc:datafield></marc:record>