
<marc:record><marc:leader>01077cam a2200289 a 4500</marc:leader>
<marc:controlfield tag="008">860728s1986    coua     b    00010 eng  </marc:controlfield>
<marc:datafield tag="010" ind1=" " ind2=" "><marc:subfield code="a">   86019054 //r90</marc:subfield></marc:datafield><marc:datafield tag="020" ind1=" " ind2=" "><marc:subfield code="a">0813372976 (pbk. : alk. paper) :</marc:subfield><marc:subfield code="c">$22.50</marc:subfield></marc:datafield><marc:datafield tag="040" ind1=" " ind2=" "><marc:subfield code="a">DLC</marc:subfield><marc:subfield code="c">DLC</marc:subfield><marc:subfield code="d">DLC</marc:subfield></marc:datafield><marc:datafield tag="043" ind1=" " ind2=" "><marc:subfield code="a">f-sg---</marc:subfield></marc:datafield><marc:datafield tag="050" ind1="0" ind2="0"><marc:subfield code="a">DT549.45.B37</marc:subfield><marc:subfield code="b">N65 1986</marc:subfield></marc:datafield><marc:datafield tag="082" ind1="0" ind2="0"><marc:subfield code="a">306/.08996</marc:subfield><marc:subfield code="2">19</marc:subfield></marc:datafield><marc:datafield tag="100" ind1="1" ind2="0"><marc:subfield code="a">Nolan, Riall W.</marc:subfield></marc:datafield><marc:datafield tag="245" ind1="1" ind2="0"><marc:subfield code="a">Bassari migrations :</marc:subfield><marc:subfield code="b">the quiet revolution /</marc:subfield><marc:subfield code="c">Riall W. Nolan.</marc:subfield></marc:datafield><marc:datafield tag="260" ind1="0" ind2=" "><marc:subfield code="a">Boulder, Colo. :</marc:subfield><marc:subfield code="b">Westview Press,</marc:subfield><marc:subfield code="c">1986.</marc:subfield></marc:datafield><marc:datafield tag="300" ind1=" " ind2=" "><marc:subfield code="a">xv, 199 p. :</marc:subfield><marc:subfield code="b">ill. ;</marc:subfield><marc:subfield code="c">23 cm.</marc:subfield></marc:datafield><marc:datafield tag="440" ind1=" " ind2="0"><marc:subfield code="a">Westview special studies on Africa</marc:subfield></marc:datafield><marc:datafield tag="504" ind1=" " ind2=" "><marc:subfield code="a">Bibliography: p. 191-199.</marc:subfield></marc:datafield><marc:datafield tag="650" ind1=" " ind2="0"><marc:subfield code="a">Bassari (Senegalese Guinean people)</marc:subfield><marc:subfield code="x">Social conditions.</marc:subfield></marc:datafield><marc:datafield tag="650" ind1=" " ind2="0"><marc:subfield code="a">Bassari (Senegalese Guinean people)</marc:subfield><marc:subfield code="x">Economic conditions.</marc:subfield></marc:datafield><marc:datafield tag="650" ind1=" " ind2="0"><marc:subfield code="a">Migration, Internal</marc:subfield><marc:subfield code="z">Senegal</marc:subfield><marc:subfield code="v">Case studies.</marc:subfield></marc:datafield><marc:datafield tag="650" ind1=" " ind2="0"><marc:subfield code="a">Acculturation</marc:subfield><marc:subfield code="z">Senegal</marc:subfield><marc:subfield code="v">Case studies.</marc:subfield></marc:datafield><marc:datafield tag="035" ind1=" " ind2=" "><marc:subfield code="a">(TxDaGIAL)37741100003365</marc:subfield></marc:datafield><marc:controlfield tag="005">20080624154603.0</marc:controlfield><marc:controlfield tag="001">888</marc:controlfield><marc:controlfield tag="003">TxDaGIAL</marc:controlfield><marc:datafield tag="852" ind1=" " ind2=" "><marc:subfield code="p">37741100003365</marc:subfield><marc:subfield code="a">Library</marc:subfield><marc:subfield code="9">$24.50</marc:subfield><marc:subfield code="x">COPYID:1015</marc:subfield><marc:subfield code="x">FSC@aRegular@c19950411</marc:subfield><marc:subfield code="h">304.809 N789b 1986</marc:subfield><marc:subfield code="z">4-89</marc:subfield></marc:datafield></marc:record>