
<marc:record><marc:leader>00792pam a2200253 i 4500</marc:leader>
<marc:controlfield tag="008">770907s1977    nju           00010 eng  </marc:controlfield>
<marc:datafield tag="010" ind1=" " ind2=" "><marc:subfield code="a">   77013280</marc:subfield></marc:datafield><marc:datafield tag="020" ind1=" " ind2=" "><marc:subfield code="a">0800708768 :</marc:subfield><marc:subfield code="c">$6.95</marc:subfield></marc:datafield><marc:datafield tag="040" ind1=" " ind2=" "><marc:subfield code="a">DLC</marc:subfield><marc:subfield code="c">DLC</marc:subfield><marc:subfield code="d">DLC</marc:subfield></marc:datafield><marc:datafield tag="043" ind1=" " ind2=" "><marc:subfield code="a">f------</marc:subfield></marc:datafield><marc:datafield tag="050" ind1="0" ind2=" "><marc:subfield code="a">BR1360</marc:subfield><marc:subfield code="b">.A57</marc:subfield></marc:datafield><marc:datafield tag="082" ind1=" " ind2=" "><marc:subfield code="a">209/.6</marc:subfield></marc:datafield><marc:datafield tag="100" ind1="0" ind2="0"><marc:subfield code="a">Andrew,</marc:subfield><marc:subfield code="c">Brother.</marc:subfield></marc:datafield><marc:datafield tag="245" ind1="1" ind2="0"><marc:subfield code="a">Battle for Africa /</marc:subfield><marc:subfield code="c">Brother Andrew, with Charles Paul Conn.</marc:subfield></marc:datafield><marc:datafield tag="260" ind1="0" ind2=" "><marc:subfield code="a">Old Tappan, N.J. :</marc:subfield><marc:subfield code="b">Revell,</marc:subfield><marc:subfield code="c">c1977.</marc:subfield></marc:datafield><marc:datafield tag="300" ind1=" " ind2=" "><marc:subfield code="a">156 p. ;</marc:subfield><marc:subfield code="c">24 cm.</marc:subfield></marc:datafield><marc:datafield tag="650" ind1=" " ind2="0"><marc:subfield code="a">Christianity</marc:subfield><marc:subfield code="z">Africa.</marc:subfield></marc:datafield><marc:datafield tag="650" ind1=" " ind2="0"><marc:subfield code="a">Communism and Christianity</marc:subfield><marc:subfield code="z">Africa.</marc:subfield></marc:datafield><marc:datafield tag="700" ind1="1" ind2="0"><marc:subfield code="a">Conn, Charles Paul,</marc:subfield><marc:subfield code="e">joint author.</marc:subfield></marc:datafield><marc:datafield tag="035" ind1=" " ind2=" "><marc:subfield code="a">(TxDaGIAL)37741100001388</marc:subfield></marc:datafield><marc:controlfield tag="005">20080624154603.0</marc:controlfield><marc:controlfield tag="001">889</marc:controlfield><marc:controlfield tag="003">TxDaGIAL</marc:controlfield><marc:datafield tag="852" ind1=" " ind2=" "><marc:subfield code="p">37741100001388</marc:subfield><marc:subfield code="a">Library</marc:subfield><marc:subfield code="x">COPYID:1016</marc:subfield><marc:subfield code="x">FSC@aRegular@c19950208</marc:subfield><marc:subfield code="h">276 A562b 1977</marc:subfield><marc:subfield code="z">5790</marc:subfield></marc:datafield></marc:record>