
<marc:record><marc:leader>01175cam a2200301 a 4500</marc:leader>
<marc:controlfield tag="008">851213s1986    ne       d    00010 eng  </marc:controlfield>
<marc:datafield tag="010" ind1=" " ind2=" "><marc:subfield code="a">   85030808</marc:subfield></marc:datafield><marc:datafield tag="020" ind1=" " ind2=" "><marc:subfield code="a">0915027801 (alk. paper) :</marc:subfield><marc:subfield code="c">$20.00 (est.)</marc:subfield></marc:datafield><marc:datafield tag="020" ind1=" " ind2=" "><marc:subfield code="a">091502781X (pbk. : alk. paper) :</marc:subfield><marc:subfield code="c">$10.00 (est.)</marc:subfield></marc:datafield><marc:datafield tag="040" ind1=" " ind2=" "><marc:subfield code="a">DLC</marc:subfield><marc:subfield code="c">DLC</marc:subfield><marc:subfield code="d">TxDaGIAL</marc:subfield></marc:datafield><marc:datafield tag="050" ind1="0" ind2=" "><marc:subfield code="a">PE1689</marc:subfield><marc:subfield code="b">.B46 1986</marc:subfield></marc:datafield><marc:datafield tag="082" ind1="0" ind2="0"><marc:subfield code="a">428/.003</marc:subfield><marc:subfield code="2">19</marc:subfield></marc:datafield><marc:datafield tag="082" ind1="0" ind2="4"><marc:subfield code="a">423/.1</marc:subfield><marc:subfield code="2">21</marc:subfield></marc:datafield><marc:datafield tag="100" ind1="1" ind2="0"><marc:subfield code="a">Benson, Morton.</marc:subfield></marc:datafield><marc:datafield tag="245" ind1="1" ind2="4"><marc:subfield code="a">The BBI combinatory dictionary of English :</marc:subfield><marc:subfield code="b">a guide to word combinations /</marc:subfield><marc:subfield code="c">compiled by Morton Benson, Evelyn Benson, and Robert Ilson.</marc:subfield></marc:datafield><marc:datafield tag="246" ind1="1" ind2="8"><marc:subfield code="a">Combinatory dictionary of English</marc:subfield></marc:datafield><marc:datafield tag="260" ind1="0" ind2=" "><marc:subfield code="a">Amsterdam [Netherlands] ;</marc:subfield><marc:subfield code="a">Philadelphia :</marc:subfield><marc:subfield code="b">J. Benjamins Pub. Co.,</marc:subfield><marc:subfield code="c">1986.</marc:subfield></marc:datafield><marc:datafield tag="300" ind1=" " ind2=" "><marc:subfield code="a">xxxvi, 286 p. ;</marc:subfield><marc:subfield code="c">22 cm.</marc:subfield></marc:datafield><marc:datafield tag="500" ind1=" " ind2=" "><marc:subfield code="a">Companion volume: Lexicographic description of English.</marc:subfield></marc:datafield><marc:datafield tag="650" ind1=" " ind2="0"><marc:subfield code="a">English language</marc:subfield><marc:subfield code="x">Terms and phrases.</marc:subfield></marc:datafield><marc:datafield tag="700" ind1="1" ind2="0"><marc:subfield code="a">Benson, Evelyn.</marc:subfield></marc:datafield><marc:datafield tag="700" ind1="1" ind2="0"><marc:subfield code="a">Ilson, Robert.</marc:subfield></marc:datafield><marc:datafield tag="740" ind1="0" ind2="1"><marc:subfield code="a">Lexicographic description of English.</marc:subfield></marc:datafield><marc:datafield tag="035" ind1=" " ind2=" "><marc:subfield code="a">(TxDaGIAL)37741100005228</marc:subfield></marc:datafield><marc:controlfield tag="005">20080624154603.0</marc:controlfield><marc:controlfield tag="001">890</marc:controlfield><marc:controlfield tag="003">TxDaGIAL</marc:controlfield><marc:datafield tag="852" ind1=" " ind2=" "><marc:subfield code="p">37741100005228</marc:subfield><marc:subfield code="a">Library</marc:subfield><marc:subfield code="9">$9.45</marc:subfield><marc:subfield code="x">COPYID:1017</marc:subfield><marc:subfield code="x">FSC@aRegular@c19991101</marc:subfield><marc:subfield code="h">423.1 B474b 1986</marc:subfield><marc:subfield code="z">13056</marc:subfield></marc:datafield></marc:record>