
<marc:record><marc:leader>01032nam a22002291  4500</marc:leader>
<marc:controlfield tag="008">950321s1964    mou           000 0 eng d</marc:controlfield>
<marc:datafield tag="010" ind1=" " ind2=" "><marc:subfield code="a">64-22906</marc:subfield></marc:datafield><marc:datafield tag="040" ind1=" " ind2=" "><marc:subfield code="c">TxDaGIAL</marc:subfield><marc:subfield code="d">TxDaGIAL</marc:subfield></marc:datafield><marc:datafield tag="245" ind1="0" ind2="0"><marc:subfield code="a">Beacon Bible commentary :</marc:subfield><marc:subfield code="b">in ten volumes.</marc:subfield></marc:datafield><marc:datafield tag="260" ind1=" " ind2=" "><marc:subfield code="a">Kansas City, Mo. :</marc:subfield><marc:subfield code="b">Beacon Hill Press,</marc:subfield><marc:subfield code="c">1971, c1964-1969.</marc:subfield></marc:datafield><marc:datafield tag="300" ind1=" " ind2=" "><marc:subfield code="a">v. &lt;  6-10&gt; :</marc:subfield><marc:subfield code="b">maps ;</marc:subfield><marc:subfield code="c">24 cm.</marc:subfield></marc:datafield><marc:datafield tag="504" ind1=" " ind2=" "><marc:subfield code="a">Includes bibliography.</marc:subfield></marc:datafield><marc:datafield tag="630" ind1="0" ind2="0"><marc:subfield code="a">Bible</marc:subfield><marc:subfield code="v">Commentaries.</marc:subfield></marc:datafield><marc:datafield tag="035" ind1=" " ind2=" "><marc:subfield code="a">(TxDaGIAL)37741100002552</marc:subfield></marc:datafield><marc:controlfield tag="005">20080624154603.0</marc:controlfield><marc:controlfield tag="001">891</marc:controlfield><marc:controlfield tag="003">TxDaGIAL</marc:controlfield><marc:datafield tag="852" ind1=" " ind2=" "><marc:subfield code="p">37741100002552</marc:subfield><marc:subfield code="a">Library</marc:subfield><marc:subfield code="x">COPYID:1018</marc:subfield><marc:subfield code="x">FSC@aRegular@c19950321</marc:subfield><marc:subfield code="h">220.7 B365 vol. 6 1964</marc:subfield><marc:subfield code="z">355</marc:subfield></marc:datafield><marc:datafield tag="852" ind1=" " ind2=" "><marc:subfield code="p">37741100002553</marc:subfield><marc:subfield code="a">Library</marc:subfield><marc:subfield code="x">COPYID:1019</marc:subfield><marc:subfield code="x">FSC@aRegular@c19950321</marc:subfield><marc:subfield code="h">220.7 B365 vol. 7 1965</marc:subfield><marc:subfield code="z">356</marc:subfield></marc:datafield><marc:datafield tag="852" ind1=" " ind2=" "><marc:subfield code="p">37741100002554</marc:subfield><marc:subfield code="a">Library</marc:subfield><marc:subfield code="x">COPYID:1020</marc:subfield><marc:subfield code="x">FSC@aRegular@c19950321</marc:subfield><marc:subfield code="h">220.7 B365 vol. 8 1968</marc:subfield><marc:subfield code="z">357</marc:subfield></marc:datafield><marc:datafield tag="852" ind1=" " ind2=" "><marc:subfield code="p">37741100002555</marc:subfield><marc:subfield code="a">Library</marc:subfield><marc:subfield code="x">COPYID:1021</marc:subfield><marc:subfield code="x">FSC@aRegular@c19950321</marc:subfield><marc:subfield code="h">220.7 B365 vol. 9 1965</marc:subfield><marc:subfield code="z">358</marc:subfield></marc:datafield><marc:datafield tag="852" ind1=" " ind2=" "><marc:subfield code="p">37741100002556</marc:subfield><marc:subfield code="a">Library</marc:subfield><marc:subfield code="x">COPYID:1022</marc:subfield><marc:subfield code="x">FSC@aRegular@c19950321</marc:subfield><marc:subfield code="h">220.7 B365 vol. 10 1967</marc:subfield><marc:subfield code="z">359</marc:subfield></marc:datafield></marc:record>