
<marc:record><marc:leader>01056cam a2200277 a 4500</marc:leader>
<marc:controlfield tag="008">910823s1991    nyu           00010 eng  </marc:controlfield>
<marc:datafield tag="010" ind1=" " ind2=" "><marc:subfield code="a">   91031692 //r92</marc:subfield></marc:datafield><marc:datafield tag="020" ind1=" " ind2=" "><marc:subfield code="a">0671703137 :</marc:subfield><marc:subfield code="c">$22.00</marc:subfield></marc:datafield><marc:datafield tag="040" ind1=" " ind2=" "><marc:subfield code="a">DLC</marc:subfield><marc:subfield code="c">DLC</marc:subfield><marc:subfield code="d">DLC</marc:subfield></marc:datafield><marc:datafield tag="043" ind1=" " ind2=" "><marc:subfield code="a">e-ur---</marc:subfield></marc:datafield><marc:datafield tag="050" ind1="0" ind2="0"><marc:subfield code="a">HB615</marc:subfield><marc:subfield code="b">.C65 1992</marc:subfield></marc:datafield><marc:datafield tag="082" ind1="0" ind2="0"><marc:subfield code="a">338/.0947</marc:subfield><marc:subfield code="2">20</marc:subfield></marc:datafield><marc:datafield tag="100" ind1="1" ind2="0"><marc:subfield code="a">Copetas, A. Craig,</marc:subfield><marc:subfield code="d">1951-</marc:subfield></marc:datafield><marc:datafield tag="245" ind1="1" ind2="0"><marc:subfield code="a">Bear hunting with the Politburo :</marc:subfield><marc:subfield code="b">a gritty first-hand account of Russia's young entrepreneurs--and why Soviet-style capitalism can't work /</marc:subfield><marc:subfield code="c">A. Craig Copetas.</marc:subfield></marc:datafield><marc:datafield tag="260" ind1="0" ind2=" "><marc:subfield code="a">New York :</marc:subfield><marc:subfield code="b">Simon &amp; Schuster,</marc:subfield><marc:subfield code="c">c1991.</marc:subfield></marc:datafield><marc:datafield tag="300" ind1=" " ind2=" "><marc:subfield code="a">271 p. ;</marc:subfield><marc:subfield code="c">24 cm.</marc:subfield></marc:datafield><marc:datafield tag="650" ind1=" " ind2="0"><marc:subfield code="a">Entrepreneurship</marc:subfield><marc:subfield code="z">Soviet Union.</marc:subfield></marc:datafield><marc:datafield tag="650" ind1=" " ind2="0"><marc:subfield code="a">Capitalism</marc:subfield><marc:subfield code="z">Soviet Union.</marc:subfield></marc:datafield><marc:datafield tag="650" ind1=" " ind2="0"><marc:subfield code="a">Cooperative societies</marc:subfield><marc:subfield code="z">Soviet Union.</marc:subfield></marc:datafield><marc:datafield tag="650" ind1=" " ind2="0"><marc:subfield code="a">Political corruption</marc:subfield><marc:subfield code="z">Soviet Union.</marc:subfield></marc:datafield><marc:datafield tag="651" ind1=" " ind2="0"><marc:subfield code="a">Soviet Union</marc:subfield><marc:subfield code="x">Economic conditions</marc:subfield><marc:subfield code="y">1985-1991.</marc:subfield></marc:datafield><marc:datafield tag="035" ind1=" " ind2=" "><marc:subfield code="a">(TxDaGIAL)37741100006073</marc:subfield></marc:datafield><marc:controlfield tag="005">20080624154604.0</marc:controlfield><marc:controlfield tag="001">892</marc:controlfield><marc:controlfield tag="003">TxDaGIAL</marc:controlfield><marc:datafield tag="852" ind1=" " ind2=" "><marc:subfield code="p">37741100006073</marc:subfield><marc:subfield code="a">Library</marc:subfield><marc:subfield code="x">COPYID:1023</marc:subfield><marc:subfield code="x">FSC@aRegular@c19950802</marc:subfield><marc:subfield code="h">338.0947 C782b 1991</marc:subfield><marc:subfield code="z">gift Jeff Shrum 4-94</marc:subfield></marc:datafield></marc:record>