
<marc:record><marc:leader>01511nam a2200313 a 4500</marc:leader>
<marc:controlfield tag="008">850715s1985    pau      b    00010 eng c</marc:controlfield>
<marc:datafield tag="010" ind1=" " ind2=" "><marc:subfield code="a">   85602168</marc:subfield></marc:datafield><marc:datafield tag="040" ind1=" " ind2=" "><marc:subfield code="a">UIU</marc:subfield><marc:subfield code="c">DLC</marc:subfield><marc:subfield code="d">DLC</marc:subfield><marc:subfield code="d">TxDaGIAL</marc:subfield></marc:datafield><marc:datafield tag="043" ind1=" " ind2=" "><marc:subfield code="a">n-us---</marc:subfield></marc:datafield><marc:datafield tag="050" ind1="0" ind2="0"><marc:subfield code="a">LB1573</marc:subfield><marc:subfield code="b">.N24 1985</marc:subfield></marc:datafield><marc:datafield tag="086" ind1="0" ind2=" "><marc:subfield code="a">ED 1.302:N 21</marc:subfield></marc:datafield><marc:datafield tag="110" ind1="2" ind2="0"><marc:subfield code="a">National Academy of Education.</marc:subfield><marc:subfield code="b">Commission on Reading.</marc:subfield></marc:datafield><marc:datafield tag="245" ind1="1" ind2="0"><marc:subfield code="a">Becoming a nation of readers :</marc:subfield><marc:subfield code="b">the report of the Commission on Reading /</marc:subfield><marc:subfield code="c">prepared by Richard C. Anderson ... [et al.] with contributions from members of the Commission on Reading.</marc:subfield></marc:datafield><marc:datafield tag="260" ind1="0" ind2=" "><marc:subfield code="a">[Pittsburgh, PA] :</marc:subfield><marc:subfield code="b">National Academy of Education,</marc:subfield><marc:subfield code="c">1985, c1984.</marc:subfield></marc:datafield><marc:datafield tag="300" ind1=" " ind2=" "><marc:subfield code="a">viii, 147 p. ;</marc:subfield><marc:subfield code="c">23 cm.</marc:subfield></marc:datafield><marc:datafield tag="500" ind1=" " ind2=" "><marc:subfield code="a">&quot;Performed persuant [sic] to contract no. 400-83-0057 of the National Institute of Education&quot;--T.p. verso.</marc:subfield></marc:datafield><marc:datafield tag="504" ind1=" " ind2=" "><marc:subfield code="a">Bibliography: p. 127-143.</marc:subfield></marc:datafield><marc:datafield tag="500" ind1=" " ind2=" "><marc:subfield code="a">Item 461-D-5.</marc:subfield></marc:datafield><marc:datafield tag="650" ind1=" " ind2="0"><marc:subfield code="a">Reading (Elementary)</marc:subfield><marc:subfield code="z">United States.</marc:subfield></marc:datafield><marc:datafield tag="650" ind1=" " ind2="0"><marc:subfield code="a">Children</marc:subfield><marc:subfield code="z">United States</marc:subfield><marc:subfield code="x">Books and reading.</marc:subfield></marc:datafield><marc:datafield tag="700" ind1="1" ind2="0"><marc:subfield code="a">Anderson, Richard C.</marc:subfield><marc:subfield code="q">(Richard Chase),</marc:subfield><marc:subfield code="d">1934-</marc:subfield></marc:datafield><marc:datafield tag="710" ind1="2" ind2="0"><marc:subfield code="a">National Institute of Education (U.S.)</marc:subfield></marc:datafield><marc:datafield tag="035" ind1=" " ind2=" "><marc:subfield code="a">(TxDaGIAL)37741100009694</marc:subfield></marc:datafield><marc:controlfield tag="005">20080624154604.0</marc:controlfield><marc:controlfield tag="001">893</marc:controlfield><marc:controlfield tag="003">TxDaGIAL</marc:controlfield><marc:datafield tag="852" ind1=" " ind2=" "><marc:subfield code="p">37741100009694</marc:subfield><marc:subfield code="a">Library</marc:subfield><marc:subfield code="x">COPYID:1024</marc:subfield><marc:subfield code="x">FSC@aRegular@c19951122</marc:subfield><marc:subfield code="h">372.40973 B398a 1985</marc:subfield><marc:subfield code="z">12337</marc:subfield></marc:datafield><marc:datafield tag="852" ind1=" " ind2=" "><marc:subfield code="p">37741100009695</marc:subfield><marc:subfield code="a">Library</marc:subfield><marc:subfield code="x">COPYID:1025</marc:subfield><marc:subfield code="x">FSC@aRegular@c19951122</marc:subfield><marc:subfield code="h">372.40973 B398a 1985</marc:subfield><marc:subfield code="z">12338</marc:subfield></marc:datafield><marc:datafield tag="852" ind1=" " ind2=" "><marc:subfield code="p">37741100024847</marc:subfield><marc:subfield code="a">Library</marc:subfield><marc:subfield code="9">$0.00</marc:subfield><marc:subfield code="x">FUND:Gift</marc:subfield><marc:subfield code="x">COPYID:1026</marc:subfield><marc:subfield code="x">FSC@aRegular@c20010711</marc:subfield><marc:subfield code="h">372.40973 B398a 1985</marc:subfield><marc:subfield code="z">Gift Debbie Friesen 1-01</marc:subfield></marc:datafield></marc:record>