
<marc:record><marc:leader>00914pam a2200289 a 4500</marc:leader>
<marc:controlfield tag="008">871207s1988    nyu      b    00110 eng  </marc:controlfield>
<marc:datafield tag="010" ind1=" " ind2=" "><marc:subfield code="a">   87035529</marc:subfield></marc:datafield><marc:datafield tag="020" ind1=" " ind2=" "><marc:subfield code="a">063115244X :</marc:subfield><marc:subfield code="c">$55.00</marc:subfield></marc:datafield><marc:datafield tag="020" ind1=" " ind2=" "><marc:subfield code="a">063115776X (pbk.) :</marc:subfield><marc:subfield code="c">$17.00</marc:subfield></marc:datafield><marc:datafield tag="040" ind1=" " ind2=" "><marc:subfield code="a">DLC</marc:subfield><marc:subfield code="c">DLC</marc:subfield></marc:datafield><marc:datafield tag="050" ind1="0" ind2=" "><marc:subfield code="a">LB1050</marc:subfield><marc:subfield code="b">.O18 1988</marc:subfield></marc:datafield><marc:datafield tag="082" ind1="0" ind2=" "><marc:subfield code="a">372.4</marc:subfield><marc:subfield code="2">19</marc:subfield></marc:datafield><marc:datafield tag="100" ind1="1" ind2="0"><marc:subfield code="a">Oakhill, Jane.</marc:subfield></marc:datafield><marc:datafield tag="245" ind1="1" ind2="0"><marc:subfield code="a">Becoming a skilled reader /</marc:subfield><marc:subfield code="c">Jane Oakhill and Alan Garnham.</marc:subfield></marc:datafield><marc:datafield tag="260" ind1="0" ind2=" "><marc:subfield code="a">New York, NY, USA :</marc:subfield><marc:subfield code="b">B. Blackwell,</marc:subfield><marc:subfield code="c">1988.</marc:subfield></marc:datafield><marc:datafield tag="300" ind1=" " ind2=" "><marc:subfield code="a">xii, 206 p. ;</marc:subfield><marc:subfield code="c">24 cm.</marc:subfield></marc:datafield><marc:datafield tag="504" ind1=" " ind2=" "><marc:subfield code="a">Bibliography: p. 174-197.</marc:subfield></marc:datafield><marc:datafield tag="500" ind1=" " ind2=" "><marc:subfield code="a">Includes indexes.</marc:subfield></marc:datafield><marc:datafield tag="650" ind1=" " ind2="0"><marc:subfield code="a">Reading.</marc:subfield></marc:datafield><marc:datafield tag="650" ind1=" " ind2="0"><marc:subfield code="a">Reading comprehension.</marc:subfield></marc:datafield><marc:datafield tag="650" ind1=" " ind2="0"><marc:subfield code="a">Learning, Psychology of.</marc:subfield></marc:datafield><marc:datafield tag="700" ind1="1" ind2="0"><marc:subfield code="a">Garnham, Alan,</marc:subfield><marc:subfield code="d">1954-</marc:subfield></marc:datafield><marc:datafield tag="035" ind1=" " ind2=" "><marc:subfield code="a">(TxDaGIAL)37741100011774</marc:subfield></marc:datafield><marc:controlfield tag="005">20080624154604.0</marc:controlfield><marc:controlfield tag="001">895</marc:controlfield><marc:controlfield tag="003">TxDaGIAL</marc:controlfield><marc:datafield tag="852" ind1=" " ind2=" "><marc:subfield code="p">37741100011774</marc:subfield><marc:subfield code="a">Library</marc:subfield><marc:subfield code="9">$17.95</marc:subfield><marc:subfield code="x">COPYID:1028</marc:subfield><marc:subfield code="x">FSC@aRegular@c19960605</marc:subfield><marc:subfield code="h">372.4 O11b 1988</marc:subfield><marc:subfield code="z">B/T 2-91</marc:subfield></marc:datafield></marc:record>