
<marc:record><marc:leader>01093cam a2200277   4500</marc:leader>
<marc:controlfield tag="008">740507c19741972caua     b    00110 eng  </marc:controlfield>
<marc:datafield tag="010" ind1=" " ind2=" "><marc:subfield code="a">   74008839 //r85</marc:subfield></marc:datafield><marc:datafield tag="020" ind1=" " ind2=" "><marc:subfield code="a">0878087184</marc:subfield></marc:datafield><marc:datafield tag="040" ind1=" " ind2=" "><marc:subfield code="a">DLC</marc:subfield><marc:subfield code="c">DLC</marc:subfield><marc:subfield code="d">TxDaGIAL</marc:subfield></marc:datafield><marc:datafield tag="050" ind1="0" ind2=" "><marc:subfield code="a">P51</marc:subfield><marc:subfield code="b">.L36 1974</marc:subfield></marc:datafield><marc:datafield tag="082" ind1=" " ind2=" "><marc:subfield code="a">301.2/1</marc:subfield></marc:datafield><marc:datafield tag="100" ind1="1" ind2="0"><marc:subfield code="a">Larson, Donald N.,</marc:subfield><marc:subfield code="d">1925-</marc:subfield></marc:datafield><marc:datafield tag="245" ind1="1" ind2="0"><marc:subfield code="a">Becoming bilingual :</marc:subfield><marc:subfield code="b">a guide to language learning /</marc:subfield><marc:subfield code="c">[by] Donald N. Larson [and] William A. Smalley.</marc:subfield></marc:datafield><marc:datafield tag="250" ind1=" " ind2=" "><marc:subfield code="a">Prelim. ed.</marc:subfield></marc:datafield><marc:datafield tag="260" ind1="0" ind2=" "><marc:subfield code="a">South Pasadena, Calif. :</marc:subfield><marc:subfield code="b">William Carey Library,</marc:subfield><marc:subfield code="c">c1972.</marc:subfield></marc:datafield><marc:datafield tag="300" ind1=" " ind2=" "><marc:subfield code="a">xv, 426 p. :</marc:subfield><marc:subfield code="b">illus. ;</marc:subfield><marc:subfield code="c">23 cm.</marc:subfield></marc:datafield><marc:datafield tag="504" ind1=" " ind2=" "><marc:subfield code="a">Bibliography: p. 399-412.</marc:subfield></marc:datafield><marc:datafield tag="650" ind1=" " ind2="0"><marc:subfield code="a">Language and languages</marc:subfield><marc:subfield code="x">Study and teaching.</marc:subfield></marc:datafield><marc:datafield tag="700" ind1="1" ind2="0"><marc:subfield code="a">Smalley, William Allen,</marc:subfield><marc:subfield code="e">joint author.</marc:subfield></marc:datafield><marc:datafield tag="035" ind1=" " ind2=" "><marc:subfield code="a">(TxDaGIAL)37741100006502</marc:subfield></marc:datafield><marc:controlfield tag="005">20080624154605.0</marc:controlfield><marc:controlfield tag="001">896</marc:controlfield><marc:controlfield tag="003">TxDaGIAL</marc:controlfield><marc:datafield tag="852" ind1=" " ind2=" "><marc:subfield code="p">37741100006502</marc:subfield><marc:subfield code="a">Library</marc:subfield><marc:subfield code="x">COPYID:1029</marc:subfield><marc:subfield code="x">FSC@aRegular@c19950807</marc:subfield><marc:subfield code="h">407 L344b 1972</marc:subfield><marc:subfield code="z">1550</marc:subfield></marc:datafield><marc:datafield tag="852" ind1=" " ind2=" "><marc:subfield code="p">37741100006503</marc:subfield><marc:subfield code="a">Library</marc:subfield><marc:subfield code="x">COPYID:1030</marc:subfield><marc:subfield code="x">FSC@aRegular@c19950807</marc:subfield><marc:subfield code="h">407 L344b 1972</marc:subfield></marc:datafield><marc:datafield tag="852" ind1=" " ind2=" "><marc:subfield code="p">37741100006504</marc:subfield><marc:subfield code="a">Library</marc:subfield><marc:subfield code="x">COPYID:1031</marc:subfield><marc:subfield code="x">FSC@aRegular@c19950807</marc:subfield><marc:subfield code="h">407 L344b 1972</marc:subfield><marc:subfield code="z">7522</marc:subfield></marc:datafield></marc:record>