
<marc:record><marc:leader>01022cam a2200277 a 4500</marc:leader>
<marc:controlfield tag="008">870511s1987    njua     b    00100 eng  </marc:controlfield>
<marc:datafield tag="010" ind1=" " ind2=" "><marc:subfield code="a">   87014311 //r88</marc:subfield></marc:datafield><marc:datafield tag="020" ind1=" " ind2=" "><marc:subfield code="a">0893914266 :</marc:subfield><marc:subfield code="c">$35.00 (est.)</marc:subfield></marc:datafield><marc:datafield tag="040" ind1=" " ind2=" "><marc:subfield code="a">DLC</marc:subfield><marc:subfield code="c">DLC</marc:subfield></marc:datafield><marc:datafield tag="043" ind1=" " ind2=" "><marc:subfield code="a">n-us---</marc:subfield></marc:datafield><marc:datafield tag="050" ind1="0" ind2=" "><marc:subfield code="a">PE1128.A2</marc:subfield><marc:subfield code="b">B34 1987</marc:subfield></marc:datafield><marc:datafield tag="082" ind1="0" ind2=" "><marc:subfield code="a">428/.007</marc:subfield><marc:subfield code="2">19</marc:subfield></marc:datafield><marc:datafield tag="245" ind1="0" ind2="0"><marc:subfield code="a">Becoming literate in English as a second language /</marc:subfield><marc:subfield code="c">edited by Susan R. Goldman and Henry T. Trueba.</marc:subfield></marc:datafield><marc:datafield tag="260" ind1="0" ind2=" "><marc:subfield code="a">Norwood, N.J. :</marc:subfield><marc:subfield code="b">Ablex Pub. Corp.,</marc:subfield><marc:subfield code="c">c1987.</marc:subfield></marc:datafield><marc:datafield tag="300" ind1=" " ind2=" "><marc:subfield code="a">vi, 261 p. :</marc:subfield><marc:subfield code="b">ill. ;</marc:subfield><marc:subfield code="c">24 cm.</marc:subfield></marc:datafield><marc:datafield tag="440" ind1=" " ind2="0"><marc:subfield code="a">Cognition and literacy</marc:subfield></marc:datafield><marc:datafield tag="504" ind1=" " ind2=" "><marc:subfield code="a">Includes bibliographies and index.</marc:subfield></marc:datafield><marc:datafield tag="650" ind1=" " ind2="0"><marc:subfield code="a">English language</marc:subfield><marc:subfield code="x">Study and teaching</marc:subfield><marc:subfield code="x">Foreign speakers.</marc:subfield></marc:datafield><marc:datafield tag="650" ind1=" " ind2="0"><marc:subfield code="a">English language</marc:subfield><marc:subfield code="x">Study and teaching</marc:subfield><marc:subfield code="z">United States.</marc:subfield></marc:datafield><marc:datafield tag="700" ind1="1" ind2="0"><marc:subfield code="a">Goldman, Susan R.</marc:subfield></marc:datafield><marc:datafield tag="700" ind1="1" ind2="0"><marc:subfield code="a">Trueba, Enrique T.,</marc:subfield><marc:subfield code="d">1931-</marc:subfield></marc:datafield><marc:datafield tag="035" ind1=" " ind2=" "><marc:subfield code="a">(TxDaGIAL)37741100005260</marc:subfield></marc:datafield><marc:controlfield tag="005">20080624154605.0</marc:controlfield><marc:controlfield tag="001">897</marc:controlfield><marc:controlfield tag="003">TxDaGIAL</marc:controlfield><marc:datafield tag="852" ind1=" " ind2=" "><marc:subfield code="p">37741100005260</marc:subfield><marc:subfield code="a">Library</marc:subfield><marc:subfield code="9">$35.00</marc:subfield><marc:subfield code="x">COPYID:1032</marc:subfield><marc:subfield code="x">FSC@aRegular@c19950627</marc:subfield><marc:subfield code="h">428.007 B398b 1987</marc:subfield><marc:subfield code="z">B/T 1-90</marc:subfield></marc:datafield></marc:record>