
<marc:record><marc:leader>00871nam a22002538a 4500</marc:leader>
<marc:controlfield tag="008">901120s1991    nhua     b    00110 eng  </marc:controlfield>
<marc:datafield tag="010" ind1=" " ind2=" "><marc:subfield code="a">   90024897</marc:subfield></marc:datafield><marc:datafield tag="020" ind1=" " ind2=" "><marc:subfield code="a">0435085743 (pbk.) :</marc:subfield><marc:subfield code="c">$27.00</marc:subfield></marc:datafield><marc:datafield tag="040" ind1=" " ind2=" "><marc:subfield code="a">DLC</marc:subfield><marc:subfield code="c">DLC</marc:subfield><marc:subfield code="d">TxDaSO:</marc:subfield></marc:datafield><marc:datafield tag="050" ind1="0" ind2="0"><marc:subfield code="a">LB1525</marc:subfield><marc:subfield code="b">.C57 1991</marc:subfield></marc:datafield><marc:datafield tag="082" ind1="0" ind2="0"><marc:subfield code="a">372.4</marc:subfield><marc:subfield code="2">20</marc:subfield></marc:datafield><marc:datafield tag="100" ind1="1" ind2="0"><marc:subfield code="a">Clay, Marie M.</marc:subfield></marc:datafield><marc:datafield tag="245" ind1="1" ind2="0"><marc:subfield code="a">Becoming literate :</marc:subfield><marc:subfield code="b">the construction of inner control /</marc:subfield><marc:subfield code="c">Marie M. Clay.</marc:subfield></marc:datafield><marc:datafield tag="260" ind1="0" ind2=" "><marc:subfield code="a">Portsmouth, NH :</marc:subfield><marc:subfield code="b">Heinemann,</marc:subfield><marc:subfield code="c">1991.</marc:subfield></marc:datafield><marc:datafield tag="300" ind1=" " ind2=" "><marc:subfield code="a">366 p. :</marc:subfield><marc:subfield code="b">ill. ;</marc:subfield><marc:subfield code="c">23 cm.</marc:subfield></marc:datafield><marc:datafield tag="504" ind1=" " ind2=" "><marc:subfield code="a">Includes bibliographical references (p. ) and index.</marc:subfield></marc:datafield><marc:datafield tag="650" ind1=" " ind2="0"><marc:subfield code="a">Reading (Primary)</marc:subfield></marc:datafield><marc:datafield tag="650" ind1=" " ind2="0"><marc:subfield code="a">Reading (Preschool)</marc:subfield></marc:datafield><marc:datafield tag="650" ind1=" " ind2="0"><marc:subfield code="a">Language arts (Primary)</marc:subfield></marc:datafield><marc:datafield tag="035" ind1=" " ind2=" "><marc:subfield code="a">(TxDaGIAL)37741100010395</marc:subfield></marc:datafield><marc:controlfield tag="005">20080624154605.0</marc:controlfield><marc:controlfield tag="001">898</marc:controlfield><marc:controlfield tag="003">TxDaGIAL</marc:controlfield><marc:datafield tag="852" ind1=" " ind2=" "><marc:subfield code="p">37741100010395</marc:subfield><marc:subfield code="a">Library</marc:subfield><marc:subfield code="9">$23.49</marc:subfield><marc:subfield code="x">FUND:LD-Lite</marc:subfield><marc:subfield code="x">COPYID:1033</marc:subfield><marc:subfield code="x">FSC@aRegular@c19960326</marc:subfield><marc:subfield code="h">372.4 C621b 1991</marc:subfield><marc:subfield code="z">B/T 2-96</marc:subfield></marc:datafield></marc:record>