
<marc:record><marc:leader>00697cam a2200193 i 4500</marc:leader>
<marc:controlfield tag="008">770228s1978    xx a          000 0 eng d</marc:controlfield>
<marc:datafield tag="040" ind1=" " ind2=" "><marc:subfield code="a">TxDaGIAL</marc:subfield><marc:subfield code="c">TxDaGIAL</marc:subfield></marc:datafield><marc:datafield tag="043" ind1=" " ind2=" "><marc:subfield code="a">cc-----</marc:subfield></marc:datafield><marc:datafield tag="050" ind1="0" ind2="0"><marc:subfield code="a">F2183</marc:subfield><marc:subfield code="b">.B34</marc:subfield></marc:datafield><marc:datafield tag="100" ind1="1" ind2="0"><marc:subfield code="a">Bailey, Joyce Waddell,</marc:subfield><marc:subfield code="d">1940-</marc:subfield></marc:datafield><marc:datafield tag="245" ind1="1" ind2="0"><marc:subfield code="a">Becoming one in Christ :</marc:subfield><marc:subfield code="b">a Caribbean church awareness programme for church leaders /</marc:subfield><marc:subfield code="c">compiled by Joyce Bailey.</marc:subfield></marc:datafield><marc:datafield tag="260" ind1="0" ind2=" "><marc:subfield code="c">c1977.</marc:subfield></marc:datafield><marc:datafield tag="300" ind1=" " ind2=" "><marc:subfield code="a">34 p. :</marc:subfield><marc:subfield code="b">ill. ;</marc:subfield><marc:subfield code="c">22 cm. +</marc:subfield><marc:subfield code="e">folded charts.</marc:subfield></marc:datafield><marc:datafield tag="650" ind1=" " ind2="0"><marc:subfield code="a">Christianity</marc:subfield><marc:subfield code="z">Caribbean Area.</marc:subfield></marc:datafield><marc:datafield tag="035" ind1=" " ind2=" "><marc:subfield code="a">(TxDaGIAL)37741100020956</marc:subfield></marc:datafield><marc:controlfield tag="005">20080624154606.0</marc:controlfield><marc:controlfield tag="001">899</marc:controlfield><marc:controlfield tag="003">TxDaGIAL</marc:controlfield><marc:datafield tag="852" ind1=" " ind2=" "><marc:subfield code="p">37741100020956</marc:subfield><marc:subfield code="a">Library</marc:subfield><marc:subfield code="x">COPYID:1034</marc:subfield><marc:subfield code="x">FSC@aRegular@c19971008</marc:subfield><marc:subfield code="h">277.29 B154b 1978</marc:subfield><marc:subfield code="z">Creole Survey gift 10-83</marc:subfield></marc:datafield></marc:record>