
<marc:record><marc:leader>00563nam a22001577i 4500</marc:leader>
<marc:controlfield tag="008">970924s1974    txu           000 0 eng d</marc:controlfield>
<marc:datafield tag="040" ind1=" " ind2=" "><marc:subfield code="a">TxDaGIAL</marc:subfield><marc:subfield code="c">TxDaGIAL</marc:subfield></marc:datafield><marc:datafield tag="100" ind1="1" ind2=" "><marc:subfield code="a">Garlock, H. B.</marc:subfield></marc:datafield><marc:datafield tag="245" ind1="1" ind2="0"><marc:subfield code="a">Before we kill and eat you /</marc:subfield><marc:subfield code="c">by H.B. Garlock; edited by Ruthanne Garlock.</marc:subfield></marc:datafield><marc:datafield tag="260" ind1=" " ind2=" "><marc:subfield code="a">Dallas, Tex. :</marc:subfield><marc:subfield code="b">Christ For the Nations,</marc:subfield><marc:subfield code="c">c1974.</marc:subfield></marc:datafield><marc:datafield tag="300" ind1=" " ind2=" "><marc:subfield code="a">128 p. :</marc:subfield><marc:subfield code="b">photographs ;</marc:subfield><marc:subfield code="c">18 cm.</marc:subfield></marc:datafield><marc:datafield tag="035" ind1=" " ind2=" "><marc:subfield code="a">(TxDaGIAL)37741100020649</marc:subfield></marc:datafield><marc:controlfield tag="005">20080624154606.0</marc:controlfield><marc:controlfield tag="001">901</marc:controlfield><marc:controlfield tag="003">TxDaGIAL</marc:controlfield><marc:datafield tag="852" ind1=" " ind2=" "><marc:subfield code="p">37741100020649</marc:subfield><marc:subfield code="a">Library</marc:subfield><marc:subfield code="x">COPYID:1036</marc:subfield><marc:subfield code="x">FSC@aRegular@c19970926</marc:subfield><marc:subfield code="h">266.023 G233b 1974</marc:subfield><marc:subfield code="z">gift 7-88</marc:subfield></marc:datafield></marc:record>