
<marc:record><marc:leader>00844cam a2200217 a 4500</marc:leader>
<marc:controlfield tag="008">670101s1936    ja                  eng d</marc:controlfield>
<marc:datafield tag="035" ind1="0" ind2="0"><marc:subfield code="i">MARION/AAO-5793/ZHENG</marc:subfield></marc:datafield><marc:datafield tag="050" ind1=" " ind2="4"><marc:subfield code="a">PL679</marc:subfield><marc:subfield code="b">R7 1960</marc:subfield></marc:datafield><marc:datafield tag="100" ind1="1" ind2=" "><marc:subfield code="a">Rose-Innes, Arthur.</marc:subfield></marc:datafield><marc:datafield tag="245" ind1="1" ind2="0"><marc:subfield code="a">Beginners' dictionary of Chinese-Japanese characters, with common abbreviations, variants and numerous compounds /</marc:subfield><marc:subfield code="c">compiled by Arthur Rose-Innes.</marc:subfield></marc:datafield><marc:datafield tag="250" ind1=" " ind2=" "><marc:subfield code="a">2nd ed., enl. [i.e.,3rd ed.].</marc:subfield></marc:datafield><marc:datafield tag="260" ind1=" " ind2=" "><marc:subfield code="a">Yokohama :</marc:subfield><marc:subfield code="b">Yoshikawa,</marc:subfield><marc:subfield code="c">1936.</marc:subfield></marc:datafield><marc:datafield tag="300" ind1=" " ind2=" "><marc:subfield code="a">507 p.</marc:subfield></marc:datafield><marc:datafield tag="500" ind1=" " ind2=" "><marc:subfield code="a">Tables on lining-papers.</marc:subfield></marc:datafield><marc:datafield tag="500" ind1=" " ind2=" "><marc:subfield code="a">Colophon in Japanese; 3rd ed., Showa 11 (1936).</marc:subfield></marc:datafield><marc:datafield tag="650" ind1=" " ind2="0"><marc:subfield code="a">Japanese language</marc:subfield><marc:subfield code="v">Dictionaries</marc:subfield><marc:subfield code="x">English.</marc:subfield></marc:datafield><marc:datafield tag="035" ind1=" " ind2=" "><marc:subfield code="a">(TxDaGIAL)37741100017294</marc:subfield></marc:datafield><marc:controlfield tag="005">20080624154606.0</marc:controlfield><marc:controlfield tag="001">902</marc:controlfield><marc:controlfield tag="003">TxDaGIAL</marc:controlfield><marc:datafield tag="852" ind1=" " ind2=" "><marc:subfield code="p">37741100017294</marc:subfield><marc:subfield code="a">Library</marc:subfield><marc:subfield code="9">$0.00</marc:subfield><marc:subfield code="x">COPYID:1037</marc:subfield><marc:subfield code="x">FSC@aRegular@c19970505</marc:subfield><marc:subfield code="h">495.632 R796b 1936</marc:subfield><marc:subfield code="z">Gift</marc:subfield></marc:datafield></marc:record>