
<marc:record><marc:leader>00695cam a2200205 i 4500</marc:leader>
<marc:controlfield tag="008">790723s1942    nyu           00110 eng  </marc:controlfield>
<marc:datafield tag="040" ind1=" " ind2=" "><marc:subfield code="a">TxDaGIAL</marc:subfield><marc:subfield code="c">TxDaGIAL</marc:subfield></marc:datafield><marc:datafield tag="041" ind1="1" ind2=" "><marc:subfield code="a">enggrc</marc:subfield></marc:datafield><marc:datafield tag="050" ind1="0" ind2=" "><marc:subfield code="a">PA817</marc:subfield><marc:subfield code="b">.D35</marc:subfield></marc:datafield><marc:datafield tag="100" ind1="1" ind2="0"><marc:subfield code="a">Davis, William Hersey,</marc:subfield><marc:subfield code="d">1887-1958.</marc:subfield></marc:datafield><marc:datafield tag="245" ind1="1" ind2="0"><marc:subfield code="a">Beginner's grammar of the Greek New Testament /</marc:subfield><marc:subfield code="c">by William Hersey Davis.</marc:subfield></marc:datafield><marc:datafield tag="250" ind1=" " ind2=" "><marc:subfield code="a">5th ed.</marc:subfield></marc:datafield><marc:datafield tag="260" ind1="0" ind2=" "><marc:subfield code="a">New York :</marc:subfield><marc:subfield code="b">Harper &amp; Row,</marc:subfield><marc:subfield code="c">1942, c1923]</marc:subfield></marc:datafield><marc:datafield tag="300" ind1=" " ind2=" "><marc:subfield code="a">xvi p., 1 l., 19-269 p. ;</marc:subfield><marc:subfield code="c">20 cm.</marc:subfield></marc:datafield><marc:datafield tag="650" ind1=" " ind2="0"><marc:subfield code="a">Greek language, Biblical</marc:subfield><marc:subfield code="x">Grammar.</marc:subfield></marc:datafield><marc:datafield tag="035" ind1=" " ind2=" "><marc:subfield code="a">(TxDaGIAL)37741100012472</marc:subfield></marc:datafield><marc:controlfield tag="005">20080624154606.0</marc:controlfield><marc:controlfield tag="001">903</marc:controlfield><marc:controlfield tag="003">TxDaGIAL</marc:controlfield><marc:datafield tag="852" ind1=" " ind2=" "><marc:subfield code="p">37741100012472</marc:subfield><marc:subfield code="a">Library</marc:subfield><marc:subfield code="x">COPYID:1038</marc:subfield><marc:subfield code="x">FSC@aRegular@c19960712</marc:subfield><marc:subfield code="h">487.4 D265b 1942</marc:subfield><marc:subfield code="z">1280</marc:subfield></marc:datafield></marc:record>