
<marc:record><marc:leader>00634nam a22001935  4500</marc:leader>
<marc:controlfield tag="008">950506s1993    nyu           0 1 0 mul d</marc:controlfield>
<marc:datafield tag="020" ind1=" " ind2=" "><marc:subfield code="a">0781802091 (pbk.) :</marc:subfield><marc:subfield code="c">$7.95</marc:subfield></marc:datafield><marc:datafield tag="040" ind1=" " ind2=" "><marc:subfield code="c">TxDaGIAL</marc:subfield><marc:subfield code="d">TxDaGIAL</marc:subfield></marc:datafield><marc:datafield tag="041" ind1="1" ind2=" "><marc:subfield code="a">enghun</marc:subfield></marc:datafield><marc:datafield tag="100" ind1="1" ind2="0"><marc:subfield code="a">Boros, Katalin.</marc:subfield></marc:datafield><marc:datafield tag="245" ind1="1" ind2="0"><marc:subfield code="a">Beginner's Hungarian.</marc:subfield></marc:datafield><marc:datafield tag="260" ind1=" " ind2=" "><marc:subfield code="a">New York :</marc:subfield><marc:subfield code="b">Hippocrene Books,</marc:subfield><marc:subfield code="c">c1994.</marc:subfield></marc:datafield><marc:datafield tag="300" ind1=" " ind2=" "><marc:subfield code="a">101 p. ;</marc:subfield><marc:subfield code="c">18 cm.</marc:subfield></marc:datafield><marc:datafield tag="650" ind1=" " ind2="0"><marc:subfield code="a">Hungarian language</marc:subfield><marc:subfield code="v">Conversation and phrase books</marc:subfield><marc:subfield code="x">English.</marc:subfield></marc:datafield><marc:datafield tag="035" ind1=" " ind2=" "><marc:subfield code="a">(TxDaGIAL)37741100004761</marc:subfield></marc:datafield><marc:controlfield tag="005">20080624154607.0</marc:controlfield><marc:controlfield tag="001">904</marc:controlfield><marc:controlfield tag="003">TxDaGIAL</marc:controlfield><marc:datafield tag="852" ind1=" " ind2=" "><marc:subfield code="p">37741100004761</marc:subfield><marc:subfield code="a">Library</marc:subfield><marc:subfield code="9">$6.92</marc:subfield><marc:subfield code="x">COPYID:1039</marc:subfield><marc:subfield code="x">FSC@aRegular@c19950606</marc:subfield><marc:subfield code="h">494.511 B736b 1994</marc:subfield><marc:subfield code="z">B/T 5-95</marc:subfield></marc:datafield></marc:record>