
<marc:record><marc:leader>00901cam a22002531  4500</marc:leader>
<marc:controlfield tag="008">800902s1965    nyu           00010 eng  </marc:controlfield>
<marc:datafield tag="010" ind1=" " ind2=" "><marc:subfield code="a">   65014847 //r912</marc:subfield></marc:datafield><marc:datafield tag="040" ind1=" " ind2=" "><marc:subfield code="a">DLC</marc:subfield><marc:subfield code="c">DLC</marc:subfield><marc:subfield code="d">DLC</marc:subfield></marc:datafield><marc:datafield tag="050" ind1="0" ind2="0"><marc:subfield code="a">PA258</marc:subfield><marc:subfield code="b">.C685</marc:subfield></marc:datafield><marc:datafield tag="082" ind1="0" ind2="0"><marc:subfield code="a">487.3</marc:subfield></marc:datafield><marc:datafield tag="100" ind1="1" ind2="0"><marc:subfield code="a">Colwell, Ernest Cadman,</marc:subfield><marc:subfield code="d">1901-</marc:subfield></marc:datafield><marc:datafield tag="245" ind1="1" ind2="2"><marc:subfield code="a">A beginner's reader-grammar for New Testament Greek /</marc:subfield><marc:subfield code="c">by Ernest Cadman Colwell, in collaboration with Ernest W. Tune.</marc:subfield></marc:datafield><marc:datafield tag="250" ind1=" " ind2=" "><marc:subfield code="a">[1st ed.].</marc:subfield></marc:datafield><marc:datafield tag="260" ind1="0" ind2=" "><marc:subfield code="a">New York :</marc:subfield><marc:subfield code="b">Harper &amp; Row,</marc:subfield><marc:subfield code="c">[1965]</marc:subfield></marc:datafield><marc:datafield tag="300" ind1=" " ind2=" "><marc:subfield code="a">107 p. ;</marc:subfield><marc:subfield code="c">24 cm.</marc:subfield></marc:datafield><marc:datafield tag="650" ind1=" " ind2="0"><marc:subfield code="a">Greek language, Biblical</marc:subfield><marc:subfield code="x">Grammar</marc:subfield><marc:subfield code="v">Outlines, syllabi, etc.</marc:subfield></marc:datafield><marc:datafield tag="650" ind1=" " ind2="0"><marc:subfield code="a">Greek language, Biblical</marc:subfield><marc:subfield code="v">Readers.</marc:subfield></marc:datafield><marc:datafield tag="630" ind1="0" ind2="0"><marc:subfield code="a">Bible.</marc:subfield><marc:subfield code="p">N.T.</marc:subfield><marc:subfield code="x">Language, style.</marc:subfield></marc:datafield><marc:datafield tag="700" ind1="1" ind2="0"><marc:subfield code="a">Tune, Ernest W.</marc:subfield></marc:datafield><marc:datafield tag="035" ind1=" " ind2=" "><marc:subfield code="a">(TxDaGIAL)37741100012036</marc:subfield></marc:datafield><marc:controlfield tag="005">20080624154607.0</marc:controlfield><marc:controlfield tag="001">905</marc:controlfield><marc:controlfield tag="003">TxDaGIAL</marc:controlfield><marc:datafield tag="852" ind1=" " ind2=" "><marc:subfield code="p">37741100012036</marc:subfield><marc:subfield code="a">Library</marc:subfield><marc:subfield code="x">COPYID:1040</marc:subfield><marc:subfield code="x">FSC@aRegular@c19960618</marc:subfield><marc:subfield code="h">487.4 C727b 1965</marc:subfield><marc:subfield code="z">11674</marc:subfield></marc:datafield></marc:record>