
<marc:record><marc:leader>00788cam a2200241 i 4500</marc:leader>
<marc:controlfield tag="008">770823s1963    nyua          00110 eng  </marc:controlfield>
<marc:datafield tag="010" ind1=" " ind2=" "><marc:subfield code="a">   77151176</marc:subfield></marc:datafield><marc:datafield tag="040" ind1=" " ind2=" "><marc:subfield code="a">DLC</marc:subfield><marc:subfield code="c">DLC</marc:subfield><marc:subfield code="d">TxDaGIAL</marc:subfield></marc:datafield><marc:datafield tag="041" ind1="0" ind2=" "><marc:subfield code="a">ruseng</marc:subfield></marc:datafield><marc:datafield tag="050" ind1="0" ind2=" "><marc:subfield code="a">PG2117</marc:subfield><marc:subfield code="b">.P334 1977</marc:subfield></marc:datafield><marc:datafield tag="082" ind1=" " ind2=" "><marc:subfield code="a">491.7/86/421</marc:subfield></marc:datafield><marc:datafield tag="100" ind1="1" ind2="0"><marc:subfield code="a">Pargment, Lila,</marc:subfield><marc:subfield code="d">b. 1888.</marc:subfield></marc:datafield><marc:datafield tag="245" ind1="1" ind2="0"><marc:subfield code="a">Beginner's Russian reader, with conversational exercises /</marc:subfield><marc:subfield code="c">by Lila Pargment.</marc:subfield></marc:datafield><marc:datafield tag="250" ind1=" " ind2=" "><marc:subfield code="a">3d ed.</marc:subfield></marc:datafield><marc:datafield tag="260" ind1=" " ind2=" "><marc:subfield code="a">New York :</marc:subfield><marc:subfield code="b">Pitman Publishing Corporation,</marc:subfield><marc:subfield code="c">c1963.</marc:subfield></marc:datafield><marc:datafield tag="300" ind1=" " ind2=" "><marc:subfield code="a">xi, 209 p. :</marc:subfield><marc:subfield code="b">ill. ;</marc:subfield><marc:subfield code="c">24 cm.</marc:subfield></marc:datafield><marc:datafield tag="500" ind1=" " ind2=" "><marc:subfield code="a">Includes index.</marc:subfield></marc:datafield><marc:datafield tag="650" ind1=" " ind2="0"><marc:subfield code="a">Russian language</marc:subfield><marc:subfield code="v">Readers.</marc:subfield></marc:datafield><marc:datafield tag="035" ind1=" " ind2=" "><marc:subfield code="a">(TxDaGIAL)37741100007053</marc:subfield></marc:datafield><marc:controlfield tag="005">20080624154607.0</marc:controlfield><marc:controlfield tag="001">906</marc:controlfield><marc:controlfield tag="003">TxDaGIAL</marc:controlfield><marc:datafield tag="852" ind1=" " ind2=" "><marc:subfield code="p">37741100007053</marc:subfield><marc:subfield code="a">Library</marc:subfield><marc:subfield code="x">COPYID:1041</marc:subfield><marc:subfield code="x">FSC@aRegular@c19950822</marc:subfield><marc:subfield code="h">491.786421 P229b 1963</marc:subfield><marc:subfield code="z">5992</marc:subfield></marc:datafield></marc:record>