
<marc:record><marc:leader>00727cam a2200217Ia 4500</marc:leader>
<marc:controlfield tag="008">730802s1961    nyua          001 0 eng  </marc:controlfield>
<marc:datafield tag="010" ind1=" " ind2=" "><marc:subfield code="a">60013206</marc:subfield></marc:datafield><marc:datafield tag="040" ind1=" " ind2=" "><marc:subfield code="a">DLC</marc:subfield><marc:subfield code="c">TOL</marc:subfield><marc:subfield code="d">m/c</marc:subfield><marc:subfield code="d">PIT</marc:subfield><marc:subfield code="d">AZU</marc:subfield></marc:datafield><marc:datafield tag="050" ind1="0" ind2=" "><marc:subfield code="a">PA258</marc:subfield><marc:subfield code="b">.P25</marc:subfield></marc:datafield><marc:datafield tag="100" ind1="1" ind2=" "><marc:subfield code="a">Paine, Stephen William,</marc:subfield><marc:subfield code="d">1908-</marc:subfield></marc:datafield><marc:datafield tag="245" ind1="1" ind2="0"><marc:subfield code="a">Beginning Greek :</marc:subfield><marc:subfield code="b">a functional approach /</marc:subfield><marc:subfield code="c">by Stephen W. Paine.</marc:subfield></marc:datafield><marc:datafield tag="260" ind1=" " ind2=" "><marc:subfield code="a">New York :</marc:subfield><marc:subfield code="b">Oxford University Press,</marc:subfield><marc:subfield code="c">1961.</marc:subfield></marc:datafield><marc:datafield tag="300" ind1=" " ind2=" "><marc:subfield code="a">xxii, 325 p. :</marc:subfield><marc:subfield code="b">ill. ;</marc:subfield><marc:subfield code="c">22 cm.</marc:subfield></marc:datafield><marc:datafield tag="500" ind1=" " ind2=" "><marc:subfield code="a">Includes index.</marc:subfield></marc:datafield><marc:datafield tag="650" ind1=" " ind2="0"><marc:subfield code="a">Greek language</marc:subfield><marc:subfield code="x">Grammar.</marc:subfield></marc:datafield><marc:datafield tag="650" ind1=" " ind2="0"><marc:subfield code="a">Greek language</marc:subfield><marc:subfield code="v">Readers.</marc:subfield></marc:datafield><marc:datafield tag="035" ind1=" " ind2=" "><marc:subfield code="a">(TxDaGIAL)37741100014305</marc:subfield></marc:datafield><marc:controlfield tag="005">20080624154607.0</marc:controlfield><marc:controlfield tag="001">908</marc:controlfield><marc:controlfield tag="003">TxDaGIAL</marc:controlfield><marc:datafield tag="852" ind1=" " ind2=" "><marc:subfield code="p">37741100014305</marc:subfield><marc:subfield code="a">Library</marc:subfield><marc:subfield code="x">COPYID:1043</marc:subfield><marc:subfield code="x">FSC@aRegular@c19970102</marc:subfield><marc:subfield code="h">485 P147b 1961</marc:subfield><marc:subfield code="z">8033</marc:subfield></marc:datafield></marc:record>