
<marc:record><marc:leader>00995cam a2200277 a 4500</marc:leader>
<marc:controlfield tag="008">890907c19881987ohu      b    00110 eng  </marc:controlfield>
<marc:datafield tag="010" ind1=" " ind2=" "><marc:subfield code="a">   88205975 //r93</marc:subfield></marc:datafield><marc:datafield tag="020" ind1=" " ind2=" "><marc:subfield code="a">0893571849</marc:subfield></marc:datafield><marc:datafield tag="040" ind1=" " ind2=" "><marc:subfield code="a">DLC</marc:subfield><marc:subfield code="c">DLC</marc:subfield><marc:subfield code="d">DLC</marc:subfield></marc:datafield><marc:datafield tag="041" ind1="0" ind2=" "><marc:subfield code="a">engine</marc:subfield></marc:datafield><marc:datafield tag="050" ind1="0" ind2="0"><marc:subfield code="a">P945</marc:subfield><marc:subfield code="b">.H39 1988</marc:subfield></marc:datafield><marc:datafield tag="082" ind1="0" ind2="0"><marc:subfield code="a">491/.99882421</marc:subfield><marc:subfield code="2">20</marc:subfield></marc:datafield><marc:datafield tag="100" ind1="1" ind2="0"><marc:subfield code="a">Held, Warren H.</marc:subfield><marc:subfield code="q">(Warren Howard),</marc:subfield><marc:subfield code="d">1928-1986.</marc:subfield></marc:datafield><marc:datafield tag="245" ind1="1" ind2="0"><marc:subfield code="a">Beginning Hittite /</marc:subfield><marc:subfield code="c">Warren H. Held, Jr., William R. Schmalstieg, Janet E. Gertz.</marc:subfield></marc:datafield><marc:datafield tag="260" ind1="0" ind2=" "><marc:subfield code="a">Columbus, Ohio (P.O. Box 14388, Columbus 43214) :</marc:subfield><marc:subfield code="b">Slavica Publishers,</marc:subfield><marc:subfield code="c">1988, c1987.</marc:subfield></marc:datafield><marc:datafield tag="300" ind1=" " ind2=" "><marc:subfield code="a">ix, 218 p. ;</marc:subfield><marc:subfield code="c">23 cm.</marc:subfield></marc:datafield><marc:datafield tag="504" ind1=" " ind2=" "><marc:subfield code="a">Bibliography: p. 212-215.</marc:subfield></marc:datafield><marc:datafield tag="500" ind1=" " ind2=" "><marc:subfield code="a">Includes index.</marc:subfield></marc:datafield><marc:datafield tag="650" ind1=" " ind2="0"><marc:subfield code="a">Hittite language</marc:subfield><marc:subfield code="x">Grammar.</marc:subfield></marc:datafield><marc:datafield tag="700" ind1="1" ind2="0"><marc:subfield code="a">Schmalstieg, William R.</marc:subfield></marc:datafield><marc:datafield tag="700" ind1="1" ind2="0"><marc:subfield code="a">Gertz, Janet E.</marc:subfield></marc:datafield><marc:datafield tag="035" ind1=" " ind2=" "><marc:subfield code="a">(TxDaGIAL)37741100007058</marc:subfield></marc:datafield><marc:controlfield tag="005">20080624154608.0</marc:controlfield><marc:controlfield tag="001">909</marc:controlfield><marc:controlfield tag="003">TxDaGIAL</marc:controlfield><marc:datafield tag="852" ind1=" " ind2=" "><marc:subfield code="p">37741100007058</marc:subfield><marc:subfield code="a">Library</marc:subfield><marc:subfield code="b">James E. Redden Coll</marc:subfield><marc:subfield code="x">COPYID:1044</marc:subfield><marc:subfield code="x">FSC@aRegular@c19950822</marc:subfield><marc:subfield code="h">491.99882421 H474b 1987</marc:subfield><marc:subfield code="z">Redden gift 9-93</marc:subfield></marc:datafield></marc:record>