
<marc:record><marc:leader>02621cam a2200457 a 4500</marc:leader>
<marc:controlfield tag="008">860917s1986    nyu           00110 eng  </marc:controlfield>
<marc:datafield tag="010" ind1=" " ind2=" "><marc:subfield code="a">   86205472 //r87</marc:subfield></marc:datafield><marc:datafield tag="040" ind1=" " ind2=" "><marc:subfield code="a">DLC</marc:subfield><marc:subfield code="c">DLC</marc:subfield><marc:subfield code="d">TxDaGIAL</marc:subfield></marc:datafield><marc:datafield tag="041" ind1="0" ind2=" "><marc:subfield code="a">engind</marc:subfield></marc:datafield><marc:datafield tag="050" ind1="0" ind2=" "><marc:subfield code="a">PL5073</marc:subfield><marc:subfield code="b">.O38 1986</marc:subfield></marc:datafield><marc:datafield tag="082" ind1="0" ind2=" "><marc:subfield code="a">499/.22182421</marc:subfield><marc:subfield code="2">19</marc:subfield></marc:datafield><marc:datafield tag="100" ind1="1" ind2="0"><marc:subfield code="a">Oetomo, Dede.</marc:subfield></marc:datafield><marc:datafield tag="245" ind1="1" ind2="0"><marc:subfield code="a">Beginning Indonesian through self-instruction /</marc:subfield><marc:subfield code="c">Dede Oetomo, Daniel Fietkiewicz, John U. Wolff.</marc:subfield></marc:datafield><marc:datafield tag="250" ind1=" " ind2=" "><marc:subfield code="a">2nd rev. ed.</marc:subfield></marc:datafield><marc:datafield tag="260" ind1="0" ind2=" "><marc:subfield code="a">Ithaca, N.Y. :</marc:subfield><marc:subfield code="b">Cornell University, Southeast Asia Program,</marc:subfield><marc:subfield code="c">1986.</marc:subfield></marc:datafield><marc:datafield tag="300" ind1=" " ind2=" "><marc:subfield code="a">xxiv, 877 p. ;</marc:subfield><marc:subfield code="c">25 cm. +</marc:subfield><marc:subfield code="e">58 cassette tapes.</marc:subfield></marc:datafield><marc:datafield tag="500" ind1=" " ind2=" "><marc:subfield code="a">Includes index.</marc:subfield></marc:datafield><marc:datafield tag="650" ind1=" " ind2="0"><marc:subfield code="a">Indonesian language</marc:subfield><marc:subfield code="v">Textbooks for foreign speakers</marc:subfield><marc:subfield code="x">English.</marc:subfield></marc:datafield><marc:datafield tag="650" ind1=" " ind2="0"><marc:subfield code="a">Indonesian language</marc:subfield><marc:subfield code="x">Self-instruction.</marc:subfield></marc:datafield><marc:datafield tag="700" ind1="1" ind2="0"><marc:subfield code="a">Fietkiewicz, Daniel.</marc:subfield></marc:datafield><marc:datafield tag="700" ind1="1" ind2="0"><marc:subfield code="a">Wolff, John U.</marc:subfield></marc:datafield><marc:datafield tag="035" ind1=" " ind2=" "><marc:subfield code="a">(TxDaGIAL)37741100012352</marc:subfield></marc:datafield><marc:controlfield tag="005">20080624154608.0</marc:controlfield><marc:controlfield tag="001">910</marc:controlfield><marc:controlfield tag="003">TxDaGIAL</marc:controlfield><marc:datafield tag="852" ind1=" " ind2=" "><marc:subfield code="p">37741100012352</marc:subfield><marc:subfield code="a">Library</marc:subfield><marc:subfield code="x">COPYID:1045</marc:subfield><marc:subfield code="x">FSC@aRegular@c19960709</marc:subfield><marc:subfield code="h">499.221824 O28b 1986</marc:subfield><marc:subfield code="z">12094</marc:subfield></marc:datafield><marc:datafield tag="852" ind1=" " ind2=" "><marc:subfield code="p">37741100012353</marc:subfield><marc:subfield code="a">Library</marc:subfield><marc:subfield code="x">COPYID:1046</marc:subfield><marc:subfield code="x">FSC@aRegular@c19960709</marc:subfield><marc:subfield code="h">499.221824 O28b 1986</marc:subfield><marc:subfield code="z">12095</marc:subfield></marc:datafield><marc:datafield tag="852" ind1=" " ind2=" "><marc:subfield code="p">37741100012354</marc:subfield><marc:subfield code="a">Library</marc:subfield><marc:subfield code="x">COPYID:1047</marc:subfield><marc:subfield code="x">FSC@aRegular@c19960709</marc:subfield><marc:subfield code="h">499.221824 O28b 1986</marc:subfield><marc:subfield code="z">12096</marc:subfield></marc:datafield><marc:datafield tag="852" ind1=" " ind2=" "><marc:subfield code="p">37741100012355</marc:subfield><marc:subfield code="a">Library</marc:subfield><marc:subfield code="x">COPYID:1048</marc:subfield><marc:subfield code="x">FSC@aRegular@c19960709</marc:subfield><marc:subfield code="h">499.221824 O28b TAPE 1.1-2.1</marc:subfield></marc:datafield><marc:datafield tag="852" ind1=" " ind2=" "><marc:subfield code="p">37741100012356</marc:subfield><marc:subfield code="a">Library</marc:subfield><marc:subfield code="x">COPYID:1049</marc:subfield><marc:subfield code="x">FSC@aRegular@c19960709</marc:subfield><marc:subfield code="h">499.221824 O28b TAPE 2.2-3.4</marc:subfield></marc:datafield><marc:datafield tag="852" ind1=" " ind2=" "><marc:subfield code="p">37741100012357</marc:subfield><marc:subfield code="a">Library</marc:subfield><marc:subfield code="x">COPYID:1050</marc:subfield><marc:subfield code="x">FSC@aRegular@c19960709</marc:subfield><marc:subfield code="h">499.221824 O28b TAPE 4.1-6.2</marc:subfield></marc:datafield><marc:datafield tag="852" ind1=" " ind2=" "><marc:subfield code="p">37741100012358</marc:subfield><marc:subfield code="a">Library</marc:subfield><marc:subfield code="x">COPYID:1051</marc:subfield><marc:subfield code="x">FSC@aRegular@c19960709</marc:subfield><marc:subfield code="h">499.221824 O28b TAPE 6.3-8.6</marc:subfield></marc:datafield><marc:datafield tag="852" ind1=" " ind2=" "><marc:subfield code="p">37741100012359</marc:subfield><marc:subfield code="a">Library</marc:subfield><marc:subfield code="x">COPYID:1052</marc:subfield><marc:subfield code="x">FSC@aRegular@c19960709</marc:subfield><marc:subfield code="h">499.221824 O28b TAPE 9.1-10.4</marc:subfield></marc:datafield><marc:datafield tag="852" ind1=" " ind2=" "><marc:subfield code="p">37741100012360</marc:subfield><marc:subfield code="a">Library</marc:subfield><marc:subfield code="x">COPYID:1053</marc:subfield><marc:subfield code="x">FSC@aRegular@c19960709</marc:subfield><marc:subfield code="h">499.221824 O28b TAPE 10.5-12.2</marc:subfield></marc:datafield><marc:datafield tag="852" ind1=" " ind2=" "><marc:subfield code="p">37741100012361</marc:subfield><marc:subfield code="a">Library</marc:subfield><marc:subfield code="x">COPYID:1054</marc:subfield><marc:subfield code="x">FSC@aRegular@c19960709</marc:subfield><marc:subfield code="h">499.221824 O28b TAPE 12.3-14.1</marc:subfield></marc:datafield><marc:datafield tag="852" ind1=" " ind2=" "><marc:subfield code="p">37741100012362</marc:subfield><marc:subfield code="a">Library</marc:subfield><marc:subfield code="x">COPYID:1055</marc:subfield><marc:subfield code="x">FSC@aRegular@c19960709</marc:subfield><marc:subfield code="h">499.221824 O28b TAPE 14.2-16.1</marc:subfield></marc:datafield><marc:datafield tag="852" ind1=" " ind2=" "><marc:subfield code="p">37741100012363</marc:subfield><marc:subfield code="a">Library</marc:subfield><marc:subfield code="x">COPYID:1056</marc:subfield><marc:subfield code="x">FSC@aRegular@c19960709</marc:subfield><marc:subfield code="h">499.221824 O28b TAPE 16.2-17.3</marc:subfield></marc:datafield><marc:datafield tag="852" ind1=" " ind2=" "><marc:subfield code="p">37741100012364</marc:subfield><marc:subfield code="a">Library</marc:subfield><marc:subfield code="x">COPYID:1057</marc:subfield><marc:subfield code="x">FSC@aRegular@c19960709</marc:subfield><marc:subfield code="h">499.221824 O28b TAPE 17.4-19.2</marc:subfield></marc:datafield><marc:datafield tag="852" ind1=" " ind2=" "><marc:subfield code="p">37741100012365</marc:subfield><marc:subfield code="a">Library</marc:subfield><marc:subfield code="x">COPYID:1058</marc:subfield><marc:subfield code="x">FSC@aRegular@c19960709</marc:subfield><marc:subfield code="h">499.221824 O28b TAPE 19.3-21.3</marc:subfield></marc:datafield><marc:datafield tag="852" ind1=" " ind2=" "><marc:subfield code="p">37741100012366</marc:subfield><marc:subfield code="a">Library</marc:subfield><marc:subfield code="x">COPYID:1059</marc:subfield><marc:subfield code="x">FSC@aRegular@c19960709</marc:subfield><marc:subfield code="h">499.221824 O28b TAPE 21.4-22.6</marc:subfield></marc:datafield><marc:datafield tag="852" ind1=" " ind2=" "><marc:subfield code="p">37741100012367</marc:subfield><marc:subfield code="a">Library</marc:subfield><marc:subfield code="x">COPYID:1060</marc:subfield><marc:subfield code="x">FSC@aRegular@c19960709</marc:subfield><marc:subfield code="h">499.221824 O28b TAPE 23.1-25.1</marc:subfield></marc:datafield></marc:record>