
<marc:record><marc:leader>01679nam a2200361 a 4500</marc:leader>
<marc:controlfield tag="008">941201s1992    nyu           001 0 eng d</marc:controlfield>
<marc:datafield tag="020" ind1=" " ind2=" "><marc:subfield code="a">0877275297 (bk.1)</marc:subfield></marc:datafield><marc:datafield tag="020" ind1=" " ind2=" "><marc:subfield code="a">0877275300 (bk.2)</marc:subfield></marc:datafield><marc:datafield tag="020" ind1=" " ind2=" "><marc:subfield code="a">0877275319 (bk.3)</marc:subfield></marc:datafield><marc:datafield tag="020" ind1=" " ind2=" "><marc:subfield code="a">087727519X (set) :</marc:subfield><marc:subfield code="c">$34.00</marc:subfield></marc:datafield><marc:datafield tag="035" ind1=" " ind2=" "><marc:subfield code="a">(CU-UC)9579515</marc:subfield></marc:datafield><marc:datafield tag="040" ind1=" " ind2=" "><marc:subfield code="a">UND</marc:subfield><marc:subfield code="c">UND</marc:subfield><marc:subfield code="d">CUY</marc:subfield></marc:datafield><marc:datafield tag="041" ind1="0" ind2=" "><marc:subfield code="a">engind</marc:subfield></marc:datafield><marc:datafield tag="050" ind1="0" ind2=" "><marc:subfield code="a">PL5073</marc:subfield><marc:subfield code="b">.W65 1992</marc:subfield></marc:datafield><marc:datafield tag="100" ind1="1" ind2=" "><marc:subfield code="a">Wolff, John U.</marc:subfield></marc:datafield><marc:datafield tag="245" ind1="1" ind2="0"><marc:subfield code="a">Beginning Indonesian through self-instruction /</marc:subfield><marc:subfield code="c">John U. Wolff, Dede Oetomo, Daniel Fietkiewicz.</marc:subfield></marc:datafield><marc:datafield tag="260" ind1=" " ind2=" "><marc:subfield code="a">Ithaca, N.Y. :</marc:subfield><marc:subfield code="b">Cornell University, Southeast Asia Program,</marc:subfield><marc:subfield code="c">c1992.</marc:subfield></marc:datafield><marc:datafield tag="300" ind1=" " ind2=" "><marc:subfield code="a">3 v. ;</marc:subfield><marc:subfield code="c">26 cm.</marc:subfield></marc:datafield><marc:datafield tag="505" ind1="1" ind2=" "><marc:subfield code="a">Bk. 1. Preface. Instructions. Key. Glossary. Index -- Bk. 2. Lessons 1-15 -- Bk. 3. Lessons 16-25.</marc:subfield></marc:datafield><marc:datafield tag="546" ind1=" " ind2=" "><marc:subfield code="a">English.</marc:subfield></marc:datafield><marc:datafield tag="650" ind1=" " ind2="0"><marc:subfield code="a">Indonesian language</marc:subfield><marc:subfield code="v">Textbooks for foreign speakers</marc:subfield><marc:subfield code="x">English.</marc:subfield></marc:datafield><marc:datafield tag="650" ind1=" " ind2="0"><marc:subfield code="a">Indonesian language</marc:subfield><marc:subfield code="x">Self-instruction.</marc:subfield></marc:datafield><marc:datafield tag="700" ind1="1" ind2="0"><marc:subfield code="a">Oetomo, Dede.</marc:subfield></marc:datafield><marc:datafield tag="700" ind1="1" ind2="0"><marc:subfield code="a">Fietkiewicz, Daniel.</marc:subfield></marc:datafield><marc:datafield tag="035" ind1=" " ind2=" "><marc:subfield code="a">(TxDaGIAL)37741100016429</marc:subfield></marc:datafield><marc:controlfield tag="005">20080624154608.0</marc:controlfield><marc:controlfield tag="001">911</marc:controlfield><marc:controlfield tag="003">TxDaGIAL</marc:controlfield><marc:datafield tag="852" ind1=" " ind2=" "><marc:subfield code="p">37741100016429</marc:subfield><marc:subfield code="a">Library</marc:subfield><marc:subfield code="9">$34.00</marc:subfield><marc:subfield code="x">FUND:RETR</marc:subfield><marc:subfield code="x">COPYID:1061</marc:subfield><marc:subfield code="x">FSC@aRegular@c19991101</marc:subfield><marc:subfield code="h">499.221824 W855b vol.1 1992</marc:subfield><marc:subfield code="z">B/T 3-97</marc:subfield></marc:datafield><marc:datafield tag="852" ind1=" " ind2=" "><marc:subfield code="p">37741100016430</marc:subfield><marc:subfield code="a">Library</marc:subfield><marc:subfield code="9">$34.00</marc:subfield><marc:subfield code="x">FUND:RETR</marc:subfield><marc:subfield code="x">COPYID:1062</marc:subfield><marc:subfield code="x">FSC@aRegular@c19991101</marc:subfield><marc:subfield code="h">499.221824 W855b vol.2 1992</marc:subfield><marc:subfield code="z">B/T 3-97</marc:subfield></marc:datafield><marc:datafield tag="852" ind1=" " ind2=" "><marc:subfield code="p">37741100022567</marc:subfield><marc:subfield code="a">Library</marc:subfield><marc:subfield code="9">$0.00</marc:subfield><marc:subfield code="x">COPYID:1063</marc:subfield><marc:subfield code="x">FSC@aRegular@c19981006</marc:subfield><marc:subfield code="h">499.221824 W855b vol.2 1992</marc:subfield></marc:datafield><marc:datafield tag="852" ind1=" " ind2=" "><marc:subfield code="p">37741100016431</marc:subfield><marc:subfield code="a">Library</marc:subfield><marc:subfield code="9">$34.00</marc:subfield><marc:subfield code="x">FUND:RETR</marc:subfield><marc:subfield code="x">COPYID:1064</marc:subfield><marc:subfield code="x">FSC@aRegular@c19991101</marc:subfield><marc:subfield code="h">499.221824 W855b vol.3 1992</marc:subfield><marc:subfield code="z">B/T 3-97</marc:subfield></marc:datafield><marc:datafield tag="852" ind1=" " ind2=" "><marc:subfield code="p">37741100022568</marc:subfield><marc:subfield code="a">Library</marc:subfield><marc:subfield code="9">$0.00</marc:subfield><marc:subfield code="x">COPYID:1065</marc:subfield><marc:subfield code="x">FSC@aRegular@c19981006</marc:subfield><marc:subfield code="h">499.221824 W855b vol.3 1992</marc:subfield></marc:datafield></marc:record>