
<marc:record><marc:leader>01294cam a2200301   4500</marc:leader>
<marc:controlfield tag="008">731205s1973    mtu      b    00010 eng  </marc:controlfield>
<marc:datafield tag="010" ind1=" " ind2=" "><marc:subfield code="a">   72088769 //r912</marc:subfield></marc:datafield><marc:datafield tag="020" ind1=" " ind2=" "><marc:subfield code="a">0884140253</marc:subfield></marc:datafield><marc:datafield tag="040" ind1=" " ind2=" "><marc:subfield code="a">DLC</marc:subfield><marc:subfield code="c">DLC</marc:subfield><marc:subfield code="d">DLC</marc:subfield></marc:datafield><marc:datafield tag="041" ind1="0" ind2=" "><marc:subfield code="a">enggrc</marc:subfield></marc:datafield><marc:datafield tag="050" ind1="0" ind2="0"><marc:subfield code="a">PA617</marc:subfield><marc:subfield code="b">.F8 1973</marc:subfield></marc:datafield><marc:datafield tag="082" ind1="0" ind2="0"><marc:subfield code="a">487</marc:subfield></marc:datafield><marc:datafield tag="100" ind1="1" ind2="0"><marc:subfield code="a">Funk, Robert Walter,</marc:subfield><marc:subfield code="d">1926-</marc:subfield></marc:datafield><marc:datafield tag="245" ind1="1" ind2="2"><marc:subfield code="a">A beginning-intermediate grammar of Hellenistic Greek /</marc:subfield><marc:subfield code="c">[by] Robert W. Funk.</marc:subfield></marc:datafield><marc:datafield tag="250" ind1=" " ind2=" "><marc:subfield code="a">2d ed.</marc:subfield></marc:datafield><marc:datafield tag="260" ind1="0" ind2=" "><marc:subfield code="a">[Missoula, Mont.] :</marc:subfield><marc:subfield code="b">Society of Biblical Literature,</marc:subfield><marc:subfield code="c">1973.</marc:subfield></marc:datafield><marc:datafield tag="300" ind1=" " ind2=" "><marc:subfield code="a">3 v. ;</marc:subfield><marc:subfield code="c">29 cm.</marc:subfield></marc:datafield><marc:datafield tag="440" ind1=" " ind2="0"><marc:subfield code="a">Sources for biblical study ;</marc:subfield><marc:subfield code="v">2</marc:subfield></marc:datafield><marc:datafield tag="504" ind1=" " ind2=" "><marc:subfield code="a">Bibliography: v. 1, p. xix-xx.</marc:subfield></marc:datafield><marc:datafield tag="505" ind1="0" ind2=" "><marc:subfield code="a">1. Sight and sound. Nominal system. Verbal system. -- 2. Syntax. -- 3. Appendices, paradigms, index.</marc:subfield></marc:datafield><marc:datafield tag="650" ind1=" " ind2="0"><marc:subfield code="a">Greek language, Hellenistic (300 B.C.-600 A.D.)</marc:subfield><marc:subfield code="x">Grammar.</marc:subfield></marc:datafield><marc:datafield tag="035" ind1=" " ind2=" "><marc:subfield code="a">(TxDaGIAL)37741100012033</marc:subfield></marc:datafield><marc:controlfield tag="005">20080624154609.0</marc:controlfield><marc:controlfield tag="001">912</marc:controlfield><marc:controlfield tag="003">TxDaGIAL</marc:controlfield><marc:datafield tag="852" ind1=" " ind2=" "><marc:subfield code="p">37741100012033</marc:subfield><marc:subfield code="a">Library</marc:subfield><marc:subfield code="b">John Beekman Tran Li</marc:subfield><marc:subfield code="x">COPYID:1066</marc:subfield><marc:subfield code="x">FSC@aRegular@c19960618</marc:subfield><marc:subfield code="h">487.4 F982b 1973 vol.1</marc:subfield><marc:subfield code="z">7898</marc:subfield></marc:datafield><marc:datafield tag="852" ind1=" " ind2=" "><marc:subfield code="p">37741100012034</marc:subfield><marc:subfield code="a">Library</marc:subfield><marc:subfield code="b">John Beekman Tran Li</marc:subfield><marc:subfield code="x">COPYID:1067</marc:subfield><marc:subfield code="x">FSC@aRegular@c19960618</marc:subfield><marc:subfield code="h">487.4 F982b 1973 vol.2</marc:subfield><marc:subfield code="z">7897</marc:subfield></marc:datafield><marc:datafield tag="852" ind1=" " ind2=" "><marc:subfield code="p">37741100012035</marc:subfield><marc:subfield code="a">Library</marc:subfield><marc:subfield code="b">John Beekman Tran Li</marc:subfield><marc:subfield code="x">COPYID:1068</marc:subfield><marc:subfield code="x">FSC@aRegular@c19960618</marc:subfield><marc:subfield code="h">487.4 F982b 1973 vol.3</marc:subfield><marc:subfield code="z">7896</marc:subfield></marc:datafield></marc:record>