
<marc:record><marc:leader>01383nam a2200325 i 4500</marc:leader>
<marc:controlfield tag="008">731205s1973    mtu      b    000 0 eng  </marc:controlfield>
<marc:datafield tag="010" ind1=" " ind2=" "><marc:subfield code="z">   72088769</marc:subfield></marc:datafield><marc:datafield tag="020" ind1=" " ind2=" "><marc:subfield code="a">0891301488 (set)</marc:subfield></marc:datafield><marc:datafield tag="020" ind1=" " ind2=" "><marc:subfield code="z">0884140253 (vol.1)</marc:subfield></marc:datafield><marc:datafield tag="020" ind1=" " ind2=" "><marc:subfield code="z">088414027x (vol.2)</marc:subfield></marc:datafield><marc:datafield tag="020" ind1=" " ind2=" "><marc:subfield code="z">0884140288 (vol.3)</marc:subfield></marc:datafield><marc:datafield tag="040" ind1=" " ind2=" "><marc:subfield code="a">DLC</marc:subfield><marc:subfield code="c">DLC</marc:subfield><marc:subfield code="d">m.c.</marc:subfield><marc:subfield code="d">RPB</marc:subfield><marc:subfield code="d">RPB</marc:subfield><marc:subfield code="d">TxDaGIAL</marc:subfield></marc:datafield><marc:datafield tag="041" ind1="0" ind2=" "><marc:subfield code="a">enggrc</marc:subfield></marc:datafield><marc:datafield tag="050" ind1="0" ind2=" "><marc:subfield code="a">PA613</marc:subfield><marc:subfield code="b">.F8 1973a</marc:subfield></marc:datafield><marc:datafield tag="100" ind1="1" ind2=" "><marc:subfield code="a">Funk, Robert Walter,</marc:subfield><marc:subfield code="d">1926-</marc:subfield></marc:datafield><marc:datafield tag="245" ind1="1" ind2="2"><marc:subfield code="a">A beginning-intermediate grammar of Hellenistic Greek /</marc:subfield><marc:subfield code="c">by Robert W. Funk.</marc:subfield></marc:datafield><marc:datafield tag="250" ind1=" " ind2=" "><marc:subfield code="a">2d corrected ed.</marc:subfield></marc:datafield><marc:datafield tag="260" ind1=" " ind2=" "><marc:subfield code="a">Missoula, Mont. :</marc:subfield><marc:subfield code="b">Scholars Press for The Society of Biblical Literature,</marc:subfield><marc:subfield code="c">c1973</marc:subfield><marc:subfield code="g">(1977 printing)</marc:subfield></marc:datafield><marc:datafield tag="300" ind1=" " ind2=" "><marc:subfield code="a">3 v. ;</marc:subfield><marc:subfield code="c">26 cm.</marc:subfield></marc:datafield><marc:datafield tag="440" ind1=" " ind2="0"><marc:subfield code="a">Sources for biblical study ;</marc:subfield><marc:subfield code="v">2</marc:subfield></marc:datafield><marc:datafield tag="505" ind1="0" ind2=" "><marc:subfield code="a">1. Sight and sound. Nominal system. Verbal system. -- 2. Syntax. -- 3. Appendices, paradigms, index.</marc:subfield></marc:datafield><marc:datafield tag="504" ind1=" " ind2=" "><marc:subfield code="a">Bibliography: v. 1, p. xix-xx.</marc:subfield></marc:datafield><marc:datafield tag="650" ind1=" " ind2="0"><marc:subfield code="a">Greek language, Hellenistic (300 B.C.-600 A.D.)</marc:subfield><marc:subfield code="x">Grammar.</marc:subfield></marc:datafield><marc:datafield tag="035" ind1=" " ind2=" "><marc:subfield code="a">(TxDaGIAL)37741100014509</marc:subfield></marc:datafield><marc:controlfield tag="005">20080624154609.0</marc:controlfield><marc:controlfield tag="001">913</marc:controlfield><marc:controlfield tag="003">TxDaGIAL</marc:controlfield><marc:datafield tag="852" ind1=" " ind2=" "><marc:subfield code="p">37741100014509</marc:subfield><marc:subfield code="a">Library</marc:subfield><marc:subfield code="x">COPYID:1069</marc:subfield><marc:subfield code="x">FSC@aRegular@c19970116</marc:subfield><marc:subfield code="h">487.4 F982b 1973a vol.1</marc:subfield><marc:subfield code="z">6094</marc:subfield></marc:datafield><marc:datafield tag="852" ind1=" " ind2=" "><marc:subfield code="p">37741100014510</marc:subfield><marc:subfield code="a">Library</marc:subfield><marc:subfield code="x">COPYID:1070</marc:subfield><marc:subfield code="x">FSC@aRegular@c19970116</marc:subfield><marc:subfield code="h">487.4 F982b 1973a vol.2</marc:subfield><marc:subfield code="z">6095</marc:subfield></marc:datafield><marc:datafield tag="852" ind1=" " ind2=" "><marc:subfield code="p">37741100014511</marc:subfield><marc:subfield code="a">Library</marc:subfield><marc:subfield code="x">COPYID:1071</marc:subfield><marc:subfield code="x">FSC@aRegular@c19970116</marc:subfield><marc:subfield code="h">487.4 F982b 1973a vol.3</marc:subfield><marc:subfield code="z">6096</marc:subfield></marc:datafield></marc:record>