
<marc:record><marc:leader>01296nam a2200337 a 4500</marc:leader>
<marc:controlfield tag="008">860613s1983    txu      b    00110 eng  </marc:controlfield>
<marc:datafield tag="010" ind1=" " ind2=" "><marc:subfield code="a">   82063016</marc:subfield></marc:datafield><marc:datafield tag="020" ind1=" " ind2=" "><marc:subfield code="a">0883129256</marc:subfield></marc:datafield><marc:datafield tag="040" ind1=" " ind2=" "><marc:subfield code="a">DLC</marc:subfield><marc:subfield code="c">DLC</marc:subfield></marc:datafield><marc:datafield tag="050" ind1="0" ind2=" "><marc:subfield code="a">P241</marc:subfield><marc:subfield code="b">.E4 1983</marc:subfield></marc:datafield><marc:datafield tag="082" ind1="0" ind2=" "><marc:subfield code="a">415</marc:subfield><marc:subfield code="2">19</marc:subfield></marc:datafield><marc:datafield tag="100" ind1="1" ind2="0"><marc:subfield code="a">Elson, Benjamin F.</marc:subfield><marc:subfield code="q">(Benjamin Franklin),</marc:subfield><marc:subfield code="d">1921-</marc:subfield></marc:datafield><marc:datafield tag="245" ind1="1" ind2="0"><marc:subfield code="a">Beginning morphology and syntax /</marc:subfield><marc:subfield code="c">Benjamin F. Elson, Velma B. Pickett.</marc:subfield></marc:datafield><marc:datafield tag="250" ind1=" " ind2=" "><marc:subfield code="a">1st ed.</marc:subfield></marc:datafield><marc:datafield tag="260" ind1="0" ind2=" "><marc:subfield code="a">Dallas, Tex. :</marc:subfield><marc:subfield code="b">Summer Institute of Linguistics,</marc:subfield><marc:subfield code="c">1983.</marc:subfield></marc:datafield><marc:datafield tag="300" ind1=" " ind2=" "><marc:subfield code="a">xiv, 197 p. ;</marc:subfield><marc:subfield code="c">24 cm.</marc:subfield></marc:datafield><marc:datafield tag="500" ind1=" " ind2=" "><marc:subfield code="a">Rev. ed. of: An introduction to morphology and syntax. 1st ed. 1962.</marc:subfield></marc:datafield><marc:datafield tag="500" ind1=" " ind2=" "><marc:subfield code="a">Errata slip laid in.</marc:subfield></marc:datafield><marc:datafield tag="504" ind1=" " ind2=" "><marc:subfield code="a">Bibliography: p. 187-191.</marc:subfield></marc:datafield><marc:datafield tag="500" ind1=" " ind2=" "><marc:subfield code="a">Includes index.</marc:subfield></marc:datafield><marc:datafield tag="650" ind1=" " ind2="0"><marc:subfield code="a">Grammar, Comparative and general</marc:subfield><marc:subfield code="x">Morphology.</marc:subfield></marc:datafield><marc:datafield tag="650" ind1=" " ind2="0"><marc:subfield code="a">Grammar, Comparative and general</marc:subfield><marc:subfield code="x">Syntax.</marc:subfield></marc:datafield><marc:datafield tag="700" ind1="1" ind2="0"><marc:subfield code="a">Pickett, Velma.</marc:subfield></marc:datafield><marc:datafield tag="700" ind1="1" ind2="1"><marc:subfield code="a">Elson, Benjamin F.</marc:subfield><marc:subfield code="q">(Benjamin Franklin),</marc:subfield><marc:subfield code="d">1921-</marc:subfield><marc:subfield code="t">Introduction to morphology and syntax.</marc:subfield></marc:datafield><marc:datafield tag="740" ind1="0" ind2="1"><marc:subfield code="a">Morphology and syntax.</marc:subfield></marc:datafield><marc:datafield tag="035" ind1=" " ind2=" "><marc:subfield code="a">(TxDaGIAL)37741100003509</marc:subfield></marc:datafield><marc:controlfield tag="005">20080624154609.0</marc:controlfield><marc:controlfield tag="001">915</marc:controlfield><marc:controlfield tag="003">TxDaGIAL</marc:controlfield><marc:datafield tag="852" ind1=" " ind2=" "><marc:subfield code="p">37741100003509</marc:subfield><marc:subfield code="a">Library</marc:subfield><marc:subfield code="x">COPYID:1073</marc:subfield><marc:subfield code="x">FSC@aRegular@c19950417</marc:subfield><marc:subfield code="h">415 E49b 1983</marc:subfield><marc:subfield code="z">10285</marc:subfield></marc:datafield><marc:datafield tag="852" ind1=" " ind2=" "><marc:subfield code="p">37741100003510</marc:subfield><marc:subfield code="a">Library</marc:subfield><marc:subfield code="x">COPYID:1074</marc:subfield><marc:subfield code="x">FSC@aRegular@c19950417</marc:subfield><marc:subfield code="h">415 E49b 1983</marc:subfield><marc:subfield code="z">10286</marc:subfield></marc:datafield></marc:record>