
<marc:record><marc:leader>01110nam a2200253 i 4500</marc:leader>
<marc:controlfield tag="008">781220s1960    cau      b    001 0 eng d</marc:controlfield>
<marc:datafield tag="040" ind1=" " ind2=" "><marc:subfield code="a">DGU</marc:subfield><marc:subfield code="c">DGU</marc:subfield><marc:subfield code="d">RBN</marc:subfield></marc:datafield><marc:datafield tag="100" ind1="1" ind2=" "><marc:subfield code="a">Elson, Benjamin F.</marc:subfield><marc:subfield code="q">(Benjamin Franklin),</marc:subfield><marc:subfield code="d">1921-</marc:subfield></marc:datafield><marc:datafield tag="245" ind1="1" ind2="0"><marc:subfield code="a">Beginning morphology-syntax /</marc:subfield><marc:subfield code="c">Benjamin Elson and Velma B. Pickett.</marc:subfield></marc:datafield><marc:datafield tag="250" ind1=" " ind2=" "><marc:subfield code="a">1. ed.</marc:subfield></marc:datafield><marc:datafield tag="260" ind1=" " ind2=" "><marc:subfield code="a">Santa Ana, Calif. :</marc:subfield><marc:subfield code="b">Summer Institute of Linguistics,</marc:subfield><marc:subfield code="c">1960 [i.e. 1961]</marc:subfield></marc:datafield><marc:datafield tag="300" ind1=" " ind2=" "><marc:subfield code="a">v, 73 p. ;</marc:subfield><marc:subfield code="c">28 cm.</marc:subfield></marc:datafield><marc:datafield tag="500" ind1=" " ind2=" "><marc:subfield code="a">Includes index.</marc:subfield></marc:datafield><marc:datafield tag="504" ind1=" " ind2=" "><marc:subfield code="a">Bibliography: p. 71.</marc:subfield></marc:datafield><marc:datafield tag="650" ind1=" " ind2="0"><marc:subfield code="a">Grammar, Comparative and general</marc:subfield><marc:subfield code="x">Morphology.</marc:subfield></marc:datafield><marc:datafield tag="650" ind1=" " ind2="0"><marc:subfield code="a">Grammar, Comparative and general</marc:subfield><marc:subfield code="x">Syntax.</marc:subfield></marc:datafield><marc:datafield tag="700" ind1="1" ind2="0"><marc:subfield code="a">Pickett, Velma Bernice,</marc:subfield><marc:subfield code="e">joint author.</marc:subfield></marc:datafield><marc:datafield tag="035" ind1=" " ind2=" "><marc:subfield code="a">(TxDaGIAL)37741100015469</marc:subfield></marc:datafield><marc:controlfield tag="005">20080624154610.0</marc:controlfield><marc:controlfield tag="001">917</marc:controlfield><marc:controlfield tag="003">TxDaGIAL</marc:controlfield><marc:datafield tag="852" ind1=" " ind2=" "><marc:subfield code="p">37741100015469</marc:subfield><marc:subfield code="a">Library</marc:subfield><marc:subfield code="x">COPYID:1077</marc:subfield><marc:subfield code="x">FSC@aRegular@c19991101</marc:subfield><marc:subfield code="h">415 E49b 1960</marc:subfield><marc:subfield code="z">2006</marc:subfield></marc:datafield><marc:datafield tag="852" ind1=" " ind2=" "><marc:subfield code="p">37741100015470</marc:subfield><marc:subfield code="a">Library</marc:subfield><marc:subfield code="x">COPYID:1078</marc:subfield><marc:subfield code="x">FSC@aRegular@c19991101</marc:subfield><marc:subfield code="h">415 E49b 1960</marc:subfield><marc:subfield code="z">2258</marc:subfield></marc:datafield><marc:datafield tag="852" ind1=" " ind2=" "><marc:subfield code="p">37741100023002</marc:subfield><marc:subfield code="a">Library</marc:subfield><marc:subfield code="b">Kenneth L. Pike Coll</marc:subfield><marc:subfield code="9">$0.00</marc:subfield><marc:subfield code="x">FUND:GIFT</marc:subfield><marc:subfield code="x">COPYID:1079</marc:subfield><marc:subfield code="x">FSC@aRegular@c19990329</marc:subfield><marc:subfield code="h">415 E49b 1960</marc:subfield><marc:subfield code="z">Gift Kenneth L. Pike 11-98</marc:subfield></marc:datafield></marc:record>