
<marc:record><marc:leader>00804nam a2200205 i 4500</marc:leader>
<marc:controlfield tag="008">781220s1958    cau      b    001 0 eng d</marc:controlfield>
<marc:datafield tag="040" ind1=" " ind2=" "><marc:subfield code="a">TxDaGIAL</marc:subfield><marc:subfield code="c">TxDaGIAL</marc:subfield></marc:datafield><marc:datafield tag="100" ind1="1" ind2=" "><marc:subfield code="a">Elson, Benjamin F.</marc:subfield><marc:subfield code="q">(Benjamin Franklin),</marc:subfield><marc:subfield code="d">1921-</marc:subfield></marc:datafield><marc:datafield tag="245" ind1="1" ind2="0"><marc:subfield code="a">Beginning morphology-syntax /</marc:subfield><marc:subfield code="c">Benjamin Elson.</marc:subfield></marc:datafield><marc:datafield tag="250" ind1=" " ind2=" "><marc:subfield code="a">prelim. ed.</marc:subfield></marc:datafield><marc:datafield tag="260" ind1=" " ind2=" "><marc:subfield code="a">Glendale, Calif. :</marc:subfield><marc:subfield code="b">Summer Institute of Linguistics,</marc:subfield><marc:subfield code="c">1958.</marc:subfield></marc:datafield><marc:datafield tag="300" ind1=" " ind2=" "><marc:subfield code="a">v, 205 p. ;</marc:subfield><marc:subfield code="c">21 cm.</marc:subfield></marc:datafield><marc:datafield tag="650" ind1=" " ind2="0"><marc:subfield code="a">Grammar, Comparative and general</marc:subfield><marc:subfield code="x">Morphology.</marc:subfield></marc:datafield><marc:datafield tag="650" ind1=" " ind2="0"><marc:subfield code="a">Grammar, Comparative and general</marc:subfield><marc:subfield code="x">Syntax.</marc:subfield></marc:datafield><marc:datafield tag="035" ind1=" " ind2=" "><marc:subfield code="a">(TxDaGIAL)37741100015518</marc:subfield></marc:datafield><marc:controlfield tag="005">20080624154610.0</marc:controlfield><marc:controlfield tag="001">918</marc:controlfield><marc:controlfield tag="003">TxDaGIAL</marc:controlfield><marc:datafield tag="852" ind1=" " ind2=" "><marc:subfield code="p">37741100015518</marc:subfield><marc:subfield code="a">Library</marc:subfield><marc:subfield code="x">COPYID:1080</marc:subfield><marc:subfield code="x">FSC@aRegular@c19970228</marc:subfield><marc:subfield code="h">415 E49b 1958</marc:subfield><marc:subfield code="z">1719</marc:subfield></marc:datafield><marc:datafield tag="852" ind1=" " ind2=" "><marc:subfield code="p">37741100015519</marc:subfield><marc:subfield code="a">Library</marc:subfield><marc:subfield code="x">COPYID:1081</marc:subfield><marc:subfield code="x">FSC@aRegular@c19970228</marc:subfield><marc:subfield code="h">415 E49b 1958</marc:subfield><marc:subfield code="z">1720</marc:subfield></marc:datafield></marc:record>