
<marc:record><marc:leader>01095pam a2200277 i 4500</marc:leader>
<marc:controlfield tag="008">800702s1981    deu      b    10010 eng  </marc:controlfield>
<marc:datafield tag="010" ind1=" " ind2=" "><marc:subfield code="a">   80019294</marc:subfield></marc:datafield><marc:datafield tag="020" ind1=" " ind2=" "><marc:subfield code="a">0872074285</marc:subfield></marc:datafield><marc:datafield tag="050" ind1="0" ind2=" "><marc:subfield code="a">LB1572.9</marc:subfield><marc:subfield code="b">.W67 1978</marc:subfield></marc:datafield><marc:datafield tag="082" ind1="0" ind2=" "><marc:subfield code="a">372.4/1</marc:subfield><marc:subfield code="2">19</marc:subfield></marc:datafield><marc:datafield tag="111" ind1="2" ind2="0"><marc:subfield code="a">World Congress on Reading</marc:subfield><marc:subfield code="n">(7th :</marc:subfield><marc:subfield code="d">1978 :</marc:subfield><marc:subfield code="c">Hamburg)</marc:subfield></marc:datafield><marc:datafield tag="245" ind1="1" ind2="0"><marc:subfield code="a">Beginning reading instruction in different countries /</marc:subfield><marc:subfield code="c">Lloyd O. Ollila, editor.</marc:subfield></marc:datafield><marc:datafield tag="260" ind1="0" ind2=" "><marc:subfield code="a">Newark, Del. :</marc:subfield><marc:subfield code="b">International Reading Association,</marc:subfield><marc:subfield code="c">c1981.</marc:subfield></marc:datafield><marc:datafield tag="300" ind1=" " ind2=" "><marc:subfield code="a">viii, 78 p. ;</marc:subfield><marc:subfield code="c">22 cm.</marc:subfield></marc:datafield><marc:datafield tag="500" ind1=" " ind2=" "><marc:subfield code="a">&quot;Selected papers, part 1, Seventh IRA World Congress on Reading, Hamburg, August 1-3, 1978, Dorothy S. Strickland, chairperson.&quot;</marc:subfield></marc:datafield><marc:datafield tag="504" ind1=" " ind2=" "><marc:subfield code="a">Includes bibliographies.</marc:subfield></marc:datafield><marc:datafield tag="650" ind1=" " ind2="0"><marc:subfield code="a">Reading (Elementary)</marc:subfield><marc:subfield code="v">Congresses.</marc:subfield></marc:datafield><marc:datafield tag="650" ind1=" " ind2="0"><marc:subfield code="a">Reading readiness</marc:subfield><marc:subfield code="v">Congresses.</marc:subfield></marc:datafield><marc:datafield tag="700" ind1="1" ind2="0"><marc:subfield code="a">Ollila, Lloyd O.</marc:subfield></marc:datafield><marc:datafield tag="700" ind1="1" ind2="0"><marc:subfield code="a">Strickland, Dorothy S.</marc:subfield></marc:datafield><marc:datafield tag="710" ind1="2" ind2="0"><marc:subfield code="a">International Reading Association.</marc:subfield></marc:datafield><marc:datafield tag="035" ind1=" " ind2=" "><marc:subfield code="a">(TxDaGIAL)37741100010288</marc:subfield></marc:datafield><marc:controlfield tag="005">20080624154610.0</marc:controlfield><marc:controlfield tag="001">919</marc:controlfield><marc:controlfield tag="003">TxDaGIAL</marc:controlfield><marc:datafield tag="852" ind1=" " ind2=" "><marc:subfield code="p">37741100010288</marc:subfield><marc:subfield code="a">Library</marc:subfield><marc:subfield code="x">COPYID:1082</marc:subfield><marc:subfield code="x">FSC@aRegular@c19951214</marc:subfield><marc:subfield code="h">428.4 W927 1978 part1</marc:subfield><marc:subfield code="z">8592</marc:subfield></marc:datafield></marc:record>