
<marc:record><marc:leader>00876cam a2200253 i 4500</marc:leader>
<marc:controlfield tag="008">781103s1979    dcu           00010 eng  </marc:controlfield>
<marc:datafield tag="010" ind1=" " ind2=" "><marc:subfield code="a">   78026001 //r903</marc:subfield></marc:datafield><marc:datafield tag="020" ind1=" " ind2=" "><marc:subfield code="a">081061488X</marc:subfield></marc:datafield><marc:datafield tag="020" ind1=" " ind2=" "><marc:subfield code="a">0810614898 (pbk.)</marc:subfield></marc:datafield><marc:datafield tag="040" ind1=" " ind2=" "><marc:subfield code="a">DLC</marc:subfield><marc:subfield code="c">DLC</marc:subfield><marc:subfield code="d">DLC</marc:subfield></marc:datafield><marc:datafield tag="050" ind1="0" ind2="0"><marc:subfield code="a">LB2843.F5</marc:subfield><marc:subfield code="b">K7</marc:subfield></marc:datafield><marc:datafield tag="082" ind1="0" ind2="0"><marc:subfield code="a">371.1/02</marc:subfield></marc:datafield><marc:datafield tag="100" ind1="1" ind2="0"><marc:subfield code="a">Krajewski, Robert J.</marc:subfield></marc:datafield><marc:datafield tag="245" ind1="1" ind2="4"><marc:subfield code="a">The beginning teacher :</marc:subfield><marc:subfield code="b">a practical guide to problem solving /</marc:subfield><marc:subfield code="c">by Robert J. Krajewski, R. Baird Shuman.</marc:subfield></marc:datafield><marc:datafield tag="260" ind1="0" ind2=" "><marc:subfield code="a">Washington :</marc:subfield><marc:subfield code="b">National Education Association,</marc:subfield><marc:subfield code="c">c1979.</marc:subfield></marc:datafield><marc:datafield tag="300" ind1=" " ind2=" "><marc:subfield code="a">128 p. ;</marc:subfield><marc:subfield code="c">25 cm.</marc:subfield></marc:datafield><marc:datafield tag="440" ind1=" " ind2="0"><marc:subfield code="a">Aspects of learning</marc:subfield></marc:datafield><marc:datafield tag="650" ind1=" " ind2="0"><marc:subfield code="a">First year teachers.</marc:subfield></marc:datafield><marc:datafield tag="700" ind1="1" ind2="0"><marc:subfield code="a">Shuman, R. Baird</marc:subfield><marc:subfield code="q">(Robert Baird),</marc:subfield><marc:subfield code="d">1929-</marc:subfield><marc:subfield code="e">joint author.</marc:subfield></marc:datafield><marc:datafield tag="035" ind1=" " ind2=" "><marc:subfield code="a">(TxDaGIAL)37741100008521</marc:subfield></marc:datafield><marc:controlfield tag="005">20080624154610.0</marc:controlfield><marc:controlfield tag="001">921</marc:controlfield><marc:controlfield tag="003">TxDaGIAL</marc:controlfield><marc:datafield tag="852" ind1=" " ind2=" "><marc:subfield code="p">37741100008521</marc:subfield><marc:subfield code="a">Library</marc:subfield><marc:subfield code="x">COPYID:1084</marc:subfield><marc:subfield code="x">FSC@aRegular@c19950928</marc:subfield><marc:subfield code="h">371.102 K89b 1979</marc:subfield><marc:subfield code="z">6400</marc:subfield></marc:datafield></marc:record>