
<marc:record><marc:leader>01183nam a2200277 a 4500</marc:leader>
<marc:controlfield tag="008">891129s1990    ilu      b    00010 eng  </marc:controlfield>
<marc:datafield tag="040" ind1=" " ind2=" "><marc:subfield code="a">TxDaGIAL</marc:subfield><marc:subfield code="c">TxDaGIAL</marc:subfield></marc:datafield><marc:datafield tag="043" ind1=" " ind2=" "><marc:subfield code="a">n-us---</marc:subfield></marc:datafield><marc:datafield tag="082" ind1="0" ind2="4"><marc:subfield code="a">372.4</marc:subfield><marc:subfield code="2">20</marc:subfield></marc:datafield><marc:datafield tag="100" ind1="1" ind2="0"><marc:subfield code="a">Adams, Marilyn Jager.</marc:subfield></marc:datafield><marc:datafield tag="245" ind1="1" ind2="0"><marc:subfield code="a">Beginning to read :</marc:subfield><marc:subfield code="b">thinking and learning about print /</marc:subfield><marc:subfield code="c">by Marilyn Jager Adams. A summary / prepared by Steven A. Stahl, Jean Osborn, Fran Lehr.</marc:subfield></marc:datafield><marc:datafield tag="260" ind1="0" ind2=" "><marc:subfield code="a">Urbana-Champaign :</marc:subfield><marc:subfield code="b">University of Illinois,</marc:subfield><marc:subfield code="c">1990.</marc:subfield></marc:datafield><marc:datafield tag="300" ind1=" " ind2=" "><marc:subfield code="a">vi, 148 p. ;</marc:subfield><marc:subfield code="c">24 cm.</marc:subfield></marc:datafield><marc:datafield tag="504" ind1=" " ind2=" "><marc:subfield code="a">Includes bibliographical references (p. 129-148).</marc:subfield></marc:datafield><marc:datafield tag="650" ind1=" " ind2="0"><marc:subfield code="a">Reading</marc:subfield><marc:subfield code="z">United States.</marc:subfield></marc:datafield><marc:datafield tag="650" ind1=" " ind2="0"><marc:subfield code="a">Reading readiness.</marc:subfield></marc:datafield><marc:datafield tag="700" ind1="1" ind2="0"><marc:subfield code="a">Stahl, Steven A.</marc:subfield></marc:datafield><marc:datafield tag="700" ind1="1" ind2="0"><marc:subfield code="a">Osborn, Jean.</marc:subfield></marc:datafield><marc:datafield tag="700" ind1="1" ind2="0"><marc:subfield code="a">Lehr, Fran.</marc:subfield></marc:datafield><marc:datafield tag="035" ind1=" " ind2=" "><marc:subfield code="a">(TxDaGIAL)37741100010087</marc:subfield></marc:datafield><marc:controlfield tag="005">20080624154610.0</marc:controlfield><marc:controlfield tag="001">922</marc:controlfield><marc:controlfield tag="003">TxDaGIAL</marc:controlfield><marc:datafield tag="852" ind1=" " ind2=" "><marc:subfield code="p">37741100010087</marc:subfield><marc:subfield code="a">Library</marc:subfield><marc:subfield code="9">$5.75</marc:subfield><marc:subfield code="x">COPYID:1085</marc:subfield><marc:subfield code="x">FSC@aRegular@c19951208</marc:subfield><marc:subfield code="h">372.40973 A215s 1990</marc:subfield><marc:subfield code="z">Direct order 6-91</marc:subfield></marc:datafield><marc:datafield tag="852" ind1=" " ind2=" "><marc:subfield code="p">37741100010088</marc:subfield><marc:subfield code="a">Library</marc:subfield><marc:subfield code="9">$5.00</marc:subfield><marc:subfield code="x">COPYID:1086</marc:subfield><marc:subfield code="x">FSC@aRegular@c19951208</marc:subfield><marc:subfield code="h">372.40973 A215s 1990</marc:subfield><marc:subfield code="z">Direct order 4-92</marc:subfield></marc:datafield><marc:datafield tag="852" ind1=" " ind2=" "><marc:subfield code="p">37741100010089</marc:subfield><marc:subfield code="a">Library</marc:subfield><marc:subfield code="9">$5.00</marc:subfield><marc:subfield code="x">COPYID:1087</marc:subfield><marc:subfield code="x">FSC@aRegular@c19951208</marc:subfield><marc:subfield code="h">372.40973 A215s 1990</marc:subfield><marc:subfield code="z">Direct order 4-92</marc:subfield></marc:datafield></marc:record>