
<marc:record><marc:leader>00853cam a2200253 i 4500</marc:leader>
<marc:controlfield tag="008">750819s1973    ilu      b    00010 eng  </marc:controlfield>
<marc:datafield tag="010" ind1=" " ind2=" "><marc:subfield code="a">   73007332 //r83</marc:subfield></marc:datafield><marc:datafield tag="020" ind1=" " ind2=" "><marc:subfield code="a">0802406017 :</marc:subfield><marc:subfield code="c">$1.50</marc:subfield></marc:datafield><marc:datafield tag="040" ind1=" " ind2=" "><marc:subfield code="a">DLC</marc:subfield><marc:subfield code="c">DLC</marc:subfield><marc:subfield code="d">DLC</marc:subfield><marc:subfield code="d">TxDaGIAL</marc:subfield></marc:datafield><marc:datafield tag="050" ind1="0" ind2=" "><marc:subfield code="a">BS621</marc:subfield><marc:subfield code="b">.V6 1973</marc:subfield></marc:datafield><marc:datafield tag="082" ind1=" " ind2=" "><marc:subfield code="a">220.9/3</marc:subfield></marc:datafield><marc:datafield tag="100" ind1="1" ind2="0"><marc:subfield code="a">Vos, Howard Frederic,</marc:subfield><marc:subfield code="d">1925-</marc:subfield></marc:datafield><marc:datafield tag="245" ind1="1" ind2="0"><marc:subfield code="a">Beginnings in Bible archaeology /</marc:subfield><marc:subfield code="c">by Howard F. Vos.</marc:subfield></marc:datafield><marc:datafield tag="250" ind1=" " ind2=" "><marc:subfield code="a">Rev. ed.</marc:subfield></marc:datafield><marc:datafield tag="260" ind1="0" ind2=" "><marc:subfield code="a">Chicago :</marc:subfield><marc:subfield code="b">Moody Press,</marc:subfield><marc:subfield code="c">1974, c1973.</marc:subfield></marc:datafield><marc:datafield tag="300" ind1=" " ind2=" "><marc:subfield code="a">112 p. ;</marc:subfield><marc:subfield code="c">22 cm.</marc:subfield></marc:datafield><marc:datafield tag="500" ind1=" " ind2=" "><marc:subfield code="a">Published in 1956 and 1959 under title: An introduction to Bible archaeology.</marc:subfield></marc:datafield><marc:datafield tag="504" ind1=" " ind2=" "><marc:subfield code="a">Bibliography: p. 110-112.</marc:subfield></marc:datafield><marc:datafield tag="630" ind1="0" ind2="0"><marc:subfield code="a">Bible</marc:subfield><marc:subfield code="x">Antiquities.</marc:subfield></marc:datafield><marc:datafield tag="035" ind1=" " ind2=" "><marc:subfield code="a">(TxDaGIAL)37741100002681</marc:subfield></marc:datafield><marc:controlfield tag="005">20080624154611.0</marc:controlfield><marc:controlfield tag="001">923</marc:controlfield><marc:controlfield tag="003">TxDaGIAL</marc:controlfield><marc:datafield tag="852" ind1=" " ind2=" "><marc:subfield code="p">37741100002681</marc:subfield><marc:subfield code="a">Library</marc:subfield><marc:subfield code="x">COPYID:1088</marc:subfield><marc:subfield code="x">FSC@aRegular@c19950322</marc:subfield><marc:subfield code="h">220.93 V959b 1973</marc:subfield><marc:subfield code="z">13807</marc:subfield></marc:datafield></marc:record>