
<marc:record><marc:leader>00999cam a2200265 i 4500</marc:leader>
<marc:controlfield tag="008">801122s1979    at       d    00010 eng  </marc:controlfield>
<marc:datafield tag="010" ind1=" " ind2=" "><marc:subfield code="a">   80509176 //r85</marc:subfield></marc:datafield><marc:datafield tag="015" ind1=" " ind2=" "><marc:subfield code="a">Aus***</marc:subfield></marc:datafield><marc:datafield tag="020" ind1=" " ind2=" "><marc:subfield code="a">0868921904</marc:subfield></marc:datafield><marc:datafield tag="041" ind1="0" ind2=" "><marc:subfield code="a">engpaa</marc:subfield></marc:datafield><marc:datafield tag="050" ind1="0" ind2=" "><marc:subfield code="a">PM7874.A9</marc:subfield><marc:subfield code="b">S27</marc:subfield></marc:datafield><marc:datafield tag="082" ind1="0" ind2=" "><marc:subfield code="a">427/.994</marc:subfield><marc:subfield code="2">19</marc:subfield></marc:datafield><marc:datafield tag="100" ind1="1" ind2="0"><marc:subfield code="a">Sandefur, John R.</marc:subfield></marc:datafield><marc:datafield tag="245" ind1="1" ind2="0"><marc:subfield code="a">Beginnings of a Ngukurr-Bamyili Creole dictionary /</marc:subfield><marc:subfield code="c">compiled by John R. and Joy L. Sandefur.</marc:subfield></marc:datafield><marc:datafield tag="260" ind1="0" ind2=" "><marc:subfield code="a">Darwin [Australia] :</marc:subfield><marc:subfield code="b">Summer Institute of Linguistics, Australian Aborigines Branch,</marc:subfield><marc:subfield code="c">1979.</marc:subfield></marc:datafield><marc:datafield tag="300" ind1=" " ind2=" "><marc:subfield code="a">v, 136 p. ;</marc:subfield><marc:subfield code="c">26 cm.</marc:subfield></marc:datafield><marc:datafield tag="490" ind1="1" ind2=" "><marc:subfield code="a">Work papers of SIL-AAB : Series B ; v. 4</marc:subfield></marc:datafield><marc:datafield tag="650" ind1=" " ind2="0"><marc:subfield code="a">Creole dialects, English</marc:subfield><marc:subfield code="z">Australia</marc:subfield><marc:subfield code="z">Northern Territory</marc:subfield><marc:subfield code="v">Dictionaries</marc:subfield><marc:subfield code="x">English.</marc:subfield></marc:datafield><marc:datafield tag="700" ind1="1" ind2="0"><marc:subfield code="a">Sandefur, Joy L.,</marc:subfield><marc:subfield code="e">joint author.</marc:subfield></marc:datafield><marc:datafield tag="830" ind1=" " ind2="0"><marc:subfield code="a">Work papers of SIL-AAB.</marc:subfield><marc:subfield code="n">Series B ;</marc:subfield><marc:subfield code="v">v. 4.</marc:subfield></marc:datafield><marc:datafield tag="035" ind1=" " ind2=" "><marc:subfield code="a">(TxDaGIAL)37741100010984</marc:subfield></marc:datafield><marc:controlfield tag="005">20080624154611.0</marc:controlfield><marc:controlfield tag="001">924</marc:controlfield><marc:controlfield tag="003">TxDaGIAL</marc:controlfield><marc:datafield tag="852" ind1=" " ind2=" "><marc:subfield code="p">37741100010984</marc:subfield><marc:subfield code="a">Library</marc:subfield><marc:subfield code="x">COPYID:1089</marc:subfield><marc:subfield code="x">FSC@aRegular@c19960503</marc:subfield><marc:subfield code="h">427.994 S214b 1979</marc:subfield></marc:datafield></marc:record>