
<marc:record><marc:leader>01187pam a2200301 a 4500</marc:leader>
<marc:controlfield tag="008">830708s1983    maua     b    00010 eng  </marc:controlfield>
<marc:datafield tag="010" ind1=" " ind2=" "><marc:subfield code="a">   83013301</marc:subfield></marc:datafield><marc:datafield tag="020" ind1=" " ind2=" "><marc:subfield code="a">0883773155 (pbk.)</marc:subfield></marc:datafield><marc:datafield tag="040" ind1=" " ind2=" "><marc:subfield code="a">DLC</marc:subfield><marc:subfield code="c">DLC</marc:subfield></marc:datafield><marc:datafield tag="043" ind1=" " ind2=" "><marc:subfield code="a">s-bl---</marc:subfield><marc:subfield code="a">n-us---</marc:subfield></marc:datafield><marc:datafield tag="050" ind1="0" ind2=" "><marc:subfield code="a">F2510</marc:subfield><marc:subfield code="b">.H37 1983</marc:subfield></marc:datafield><marc:datafield tag="082" ind1="0" ind2=" "><marc:subfield code="a">303.4/8281/073</marc:subfield><marc:subfield code="2">19</marc:subfield></marc:datafield><marc:datafield tag="100" ind1="1" ind2="0"><marc:subfield code="a">Harrison, Phyllis A.,</marc:subfield><marc:subfield code="d">1951-</marc:subfield></marc:datafield><marc:datafield tag="245" ind1="1" ind2="0"><marc:subfield code="a">Behaving Brazilian :</marc:subfield><marc:subfield code="b">a comparison of Brazilian and North American social behavior /</marc:subfield><marc:subfield code="c">Phyllis A. Harrison.</marc:subfield></marc:datafield><marc:datafield tag="260" ind1="0" ind2=" "><marc:subfield code="a">Rowley, Mass. :</marc:subfield><marc:subfield code="b">Newbury House Publishers,</marc:subfield><marc:subfield code="c">1983.</marc:subfield></marc:datafield><marc:datafield tag="300" ind1=" " ind2=" "><marc:subfield code="a">xvi, 123 p. :</marc:subfield><marc:subfield code="b">ill. ;</marc:subfield><marc:subfield code="c">22 cm.</marc:subfield></marc:datafield><marc:datafield tag="440" ind1=" " ind2="0"><marc:subfield code="a">Newbury House series on nonverbal behavior</marc:subfield></marc:datafield><marc:datafield tag="504" ind1=" " ind2=" "><marc:subfield code="a">Includes bibliographical references.</marc:subfield></marc:datafield><marc:datafield tag="650" ind1=" " ind2="0"><marc:subfield code="a">National characteristics, Brazilian.</marc:subfield></marc:datafield><marc:datafield tag="650" ind1=" " ind2="0"><marc:subfield code="a">National characteristics, American.</marc:subfield></marc:datafield><marc:datafield tag="650" ind1=" " ind2="0"><marc:subfield code="a">Nonverbal communication</marc:subfield><marc:subfield code="z">Brazil.</marc:subfield></marc:datafield><marc:datafield tag="650" ind1=" " ind2="0"><marc:subfield code="a">Nonverbal communication</marc:subfield><marc:subfield code="z">United States.</marc:subfield></marc:datafield><marc:datafield tag="035" ind1=" " ind2=" "><marc:subfield code="a">(TxDaGIAL)37741100003371</marc:subfield></marc:datafield><marc:controlfield tag="005">20080624154611.0</marc:controlfield><marc:controlfield tag="001">925</marc:controlfield><marc:controlfield tag="003">TxDaGIAL</marc:controlfield><marc:datafield tag="852" ind1=" " ind2=" "><marc:subfield code="p">37741100003371</marc:subfield><marc:subfield code="a">Library</marc:subfield><marc:subfield code="x">COPYID:1090</marc:subfield><marc:subfield code="x">FSC@aRegular@c19950411</marc:subfield><marc:subfield code="h">303.48281073 H321b 1983</marc:subfield><marc:subfield code="z">12559</marc:subfield></marc:datafield><marc:datafield tag="852" ind1=" " ind2=" "><marc:subfield code="p">37741100003178</marc:subfield><marc:subfield code="a">Library</marc:subfield><marc:subfield code="x">COPYID:1091</marc:subfield><marc:subfield code="x">FSC@aRegular@c19950411</marc:subfield><marc:subfield code="h">303.48281073 H321b 1983</marc:subfield></marc:datafield></marc:record>