
<marc:record><marc:leader>00778pam a2200241 i 4500</marc:leader>
<marc:controlfield tag="008">760831s1977    maua     b    00110 eng  </marc:controlfield>
<marc:datafield tag="010" ind1=" " ind2=" "><marc:subfield code="a">   76043021</marc:subfield></marc:datafield><marc:datafield tag="020" ind1=" " ind2=" "><marc:subfield code="a">0674064658</marc:subfield></marc:datafield><marc:datafield tag="040" ind1=" " ind2=" "><marc:subfield code="a">DLC</marc:subfield><marc:subfield code="c">DLC</marc:subfield></marc:datafield><marc:datafield tag="050" ind1="0" ind2=" "><marc:subfield code="a">QL776</marc:subfield><marc:subfield code="b">.S64</marc:subfield></marc:datafield><marc:datafield tag="082" ind1=" " ind2=" "><marc:subfield code="a">591.5/9</marc:subfield></marc:datafield><marc:datafield tag="100" ind1="1" ind2="0"><marc:subfield code="a">Smith, William John.</marc:subfield></marc:datafield><marc:datafield tag="245" ind1="1" ind2="4"><marc:subfield code="a">The behavior of communicating :</marc:subfield><marc:subfield code="b">an ethological approach /</marc:subfield><marc:subfield code="c">W. John Smith.</marc:subfield></marc:datafield><marc:datafield tag="260" ind1="0" ind2=" "><marc:subfield code="a">Cambridge, Mass. :</marc:subfield><marc:subfield code="b">Harvard University Press,</marc:subfield><marc:subfield code="c">1977.</marc:subfield></marc:datafield><marc:datafield tag="300" ind1=" " ind2=" "><marc:subfield code="a">viii, 545 p. :</marc:subfield><marc:subfield code="b">ill. ;</marc:subfield><marc:subfield code="c">24 cm.</marc:subfield></marc:datafield><marc:datafield tag="504" ind1=" " ind2=" "><marc:subfield code="a">Bibliography: p. [469]-513.</marc:subfield></marc:datafield><marc:datafield tag="500" ind1=" " ind2=" "><marc:subfield code="a">Includes index.</marc:subfield></marc:datafield><marc:datafield tag="650" ind1=" " ind2="0"><marc:subfield code="a">Animal communication.</marc:subfield></marc:datafield><marc:datafield tag="035" ind1=" " ind2=" "><marc:subfield code="a">(TxDaGIAL)37741100005348</marc:subfield></marc:datafield><marc:controlfield tag="005">20080624154611.0</marc:controlfield><marc:controlfield tag="001">926</marc:controlfield><marc:controlfield tag="003">TxDaGIAL</marc:controlfield><marc:datafield tag="852" ind1=" " ind2=" "><marc:subfield code="p">37741100005348</marc:subfield><marc:subfield code="a">Library</marc:subfield><marc:subfield code="x">COPYID:1092</marc:subfield><marc:subfield code="x">FSC@aRegular@c19950630</marc:subfield><marc:subfield code="h">591.59 S664b 1977</marc:subfield><marc:subfield code="z">7293</marc:subfield></marc:datafield></marc:record>