
<marc:record><marc:leader>01006pam a2200277 i 4500</marc:leader>
<marc:controlfield tag="008">770728s1977    nyua     b    00010 eng  </marc:controlfield>
<marc:datafield tag="010" ind1=" " ind2=" "><marc:subfield code="a">   77007827</marc:subfield></marc:datafield><marc:datafield tag="020" ind1=" " ind2=" "><marc:subfield code="a">0030228565</marc:subfield></marc:datafield><marc:datafield tag="040" ind1=" " ind2=" "><marc:subfield code="a">DLC</marc:subfield><marc:subfield code="c">DLC</marc:subfield><marc:subfield code="d">TxDaGIAL</marc:subfield></marc:datafield><marc:datafield tag="043" ind1=" " ind2=" "><marc:subfield code="a">a-th---</marc:subfield></marc:datafield><marc:datafield tag="050" ind1="0" ind2=" "><marc:subfield code="a">HN700.55.A8</marc:subfield><marc:subfield code="b">M87 1977</marc:subfield></marc:datafield><marc:datafield tag="082" ind1=" " ind2=" "><marc:subfield code="a">309.2/63/09593</marc:subfield></marc:datafield><marc:datafield tag="100" ind1="1" ind2="0"><marc:subfield code="a">Murray, Charles A.</marc:subfield></marc:datafield><marc:datafield tag="245" ind1="1" ind2="2"><marc:subfield code="a">A behavioral study of rural modernization :</marc:subfield><marc:subfield code="b">social and economic change in Thai villages /</marc:subfield><marc:subfield code="c">Charles A. Murray ; foreword by Lucian W. Pye.</marc:subfield></marc:datafield><marc:datafield tag="260" ind1="0" ind2=" "><marc:subfield code="a">New York :</marc:subfield><marc:subfield code="b">Praeger,</marc:subfield><marc:subfield code="c">1977.</marc:subfield></marc:datafield><marc:datafield tag="300" ind1=" " ind2=" "><marc:subfield code="a">xiii, 133 p. :</marc:subfield><marc:subfield code="b">ill. ;</marc:subfield><marc:subfield code="c">25 cm.</marc:subfield></marc:datafield><marc:datafield tag="440" ind1=" " ind2="0"><marc:subfield code="a">Praeger special studies in international economics and development</marc:subfield></marc:datafield><marc:datafield tag="504" ind1=" " ind2=" "><marc:subfield code="a">Bibliography: p. 130-133.</marc:subfield></marc:datafield><marc:datafield tag="650" ind1=" " ind2="0"><marc:subfield code="a">Rural development</marc:subfield><marc:subfield code="z">Thailand.</marc:subfield></marc:datafield><marc:datafield tag="651" ind1=" " ind2="0"><marc:subfield code="a">Thailand</marc:subfield><marc:subfield code="x">Rural conditions.</marc:subfield></marc:datafield><marc:datafield tag="650" ind1=" " ind2="0"><marc:subfield code="a">Villages</marc:subfield><marc:subfield code="z">Thailand.</marc:subfield></marc:datafield><marc:datafield tag="035" ind1=" " ind2=" "><marc:subfield code="a">(TxDaGIAL)37741100007521</marc:subfield></marc:datafield><marc:controlfield tag="005">20080624154611.0</marc:controlfield><marc:controlfield tag="001">927</marc:controlfield><marc:controlfield tag="003">TxDaGIAL</marc:controlfield><marc:datafield tag="852" ind1=" " ind2=" "><marc:subfield code="p">37741100007521</marc:subfield><marc:subfield code="a">Library</marc:subfield><marc:subfield code="x">COPYID:1093</marc:subfield><marc:subfield code="x">FSC@aRegular@c19950901</marc:subfield><marc:subfield code="h">303.409593 M981b 1977</marc:subfield><marc:subfield code="z">7716</marc:subfield></marc:datafield></marc:record>