
<marc:record><marc:leader>00910cam a2200253 a 4500</marc:leader>
<marc:controlfield tag="008">720504s1959    nyua     b    00000 eng  </marc:controlfield>
<marc:datafield tag="010" ind1=" " ind2=" "><marc:subfield code="a">   60007329 //r862</marc:subfield></marc:datafield><marc:datafield tag="040" ind1=" " ind2=" "><marc:subfield code="a">DLC</marc:subfield><marc:subfield code="c">DLC</marc:subfield><marc:subfield code="d">TxDaGIAL</marc:subfield></marc:datafield><marc:datafield tag="043" ind1=" " ind2=" "><marc:subfield code="a">poci---</marc:subfield></marc:datafield><marc:datafield tag="050" ind1="0" ind2=" "><marc:subfield code="a">DU780</marc:subfield><marc:subfield code="b">.B28</marc:subfield></marc:datafield><marc:datafield tag="082" ind1=" " ind2=" "><marc:subfield code="a">301.29/96/6</marc:subfield></marc:datafield><marc:datafield tag="100" ind1="1" ind2="0"><marc:subfield code="a">Barnett, H. G.</marc:subfield><marc:subfield code="q">(Homer Garner),</marc:subfield><marc:subfield code="d">1906-</marc:subfield></marc:datafield><marc:datafield tag="245" ind1="1" ind2="0"><marc:subfield code="a">Being a Palauan /</marc:subfield><marc:subfield code="c">by H.G. Barnett.</marc:subfield></marc:datafield><marc:datafield tag="260" ind1="0" ind2=" "><marc:subfield code="a">New York :</marc:subfield><marc:subfield code="b">Holt,</marc:subfield><marc:subfield code="c">c1959.</marc:subfield></marc:datafield><marc:datafield tag="300" ind1=" " ind2=" "><marc:subfield code="a">vii, 87 p. :</marc:subfield><marc:subfield code="b">illus., map. ;</marc:subfield><marc:subfield code="c">24 cm.</marc:subfield></marc:datafield><marc:datafield tag="440" ind1=" " ind2="0"><marc:subfield code="a">Case studies in cultural anthropology</marc:subfield></marc:datafield><marc:datafield tag="504" ind1=" " ind2=" "><marc:subfield code="a">Bibliography: p. 86-87.</marc:subfield></marc:datafield><marc:datafield tag="651" ind1=" " ind2="0"><marc:subfield code="a">Palau</marc:subfield><marc:subfield code="x">Social life and customs.</marc:subfield></marc:datafield><marc:datafield tag="035" ind1=" " ind2=" "><marc:subfield code="a">(TxDaGIAL)37741100007549</marc:subfield></marc:datafield><marc:controlfield tag="005">20080624154612.0</marc:controlfield><marc:controlfield tag="001">929</marc:controlfield><marc:controlfield tag="003">TxDaGIAL</marc:controlfield><marc:datafield tag="852" ind1=" " ind2=" "><marc:subfield code="p">37741100007549</marc:subfield><marc:subfield code="a">Library</marc:subfield><marc:subfield code="x">COPYID:1095</marc:subfield><marc:subfield code="x">FSC@aRegular@c19950901</marc:subfield><marc:subfield code="h">306.0899966 B261b 1960</marc:subfield><marc:subfield code="z">11160</marc:subfield></marc:datafield><marc:datafield tag="852" ind1=" " ind2=" "><marc:subfield code="p">37741100007550</marc:subfield><marc:subfield code="a">Library</marc:subfield><marc:subfield code="x">COPYID:1096</marc:subfield><marc:subfield code="x">FSC@aRegular@c19950901</marc:subfield><marc:subfield code="h">306.0899966 B261b 1960</marc:subfield><marc:subfield code="z">Gift Robert Austin;</marc:subfield></marc:datafield></marc:record>