
<marc:record><marc:leader>00835nam a2200241 i 4500</marc:leader>
<marc:controlfield tag="008">700709s1970    nyua     b    00000 eng  </marc:controlfield>
<marc:datafield tag="010" ind1=" " ind2=" "><marc:subfield code="a">   74108848</marc:subfield></marc:datafield><marc:datafield tag="020" ind1=" " ind2=" "><marc:subfield code="a">0030811058</marc:subfield></marc:datafield><marc:datafield tag="040" ind1=" " ind2=" "><marc:subfield code="a">DLC</marc:subfield><marc:subfield code="c">DLC</marc:subfield><marc:subfield code="d">DLC</marc:subfield><marc:subfield code="d">TxDaGIAL</marc:subfield></marc:datafield><marc:datafield tag="050" ind1="0" ind2=" "><marc:subfield code="a">GN8</marc:subfield><marc:subfield code="b">.B44</marc:subfield></marc:datafield><marc:datafield tag="082" ind1=" " ind2=" "><marc:subfield code="a">301.2</marc:subfield></marc:datafield><marc:datafield tag="245" ind1="0" ind2="0"><marc:subfield code="a">Being an anthropologist :</marc:subfield><marc:subfield code="b">fieldwork in eleven cultures /</marc:subfield><marc:subfield code="c">edited by George D. Spindler.</marc:subfield></marc:datafield><marc:datafield tag="260" ind1="0" ind2=" "><marc:subfield code="a">New York :</marc:subfield><marc:subfield code="b">Holt, Rinehart and Winston,</marc:subfield><marc:subfield code="c">c1970.</marc:subfield></marc:datafield><marc:datafield tag="300" ind1=" " ind2=" "><marc:subfield code="a">xiii, 304 p. :</marc:subfield><marc:subfield code="b">ill., maps, ports. ;</marc:subfield><marc:subfield code="c">23 cm.</marc:subfield></marc:datafield><marc:datafield tag="504" ind1=" " ind2=" "><marc:subfield code="a">Includes bibliographies.</marc:subfield></marc:datafield><marc:datafield tag="650" ind1=" " ind2="0"><marc:subfield code="a">Ethnology.</marc:subfield></marc:datafield><marc:datafield tag="650" ind1=" " ind2="0"><marc:subfield code="a">Social sciences</marc:subfield><marc:subfield code="x">Field work</marc:subfield><marc:subfield code="v">Case studies.</marc:subfield></marc:datafield><marc:datafield tag="700" ind1="1" ind2="0"><marc:subfield code="a">Spindler, George Dearborn,</marc:subfield><marc:subfield code="e">ed.</marc:subfield></marc:datafield><marc:datafield tag="035" ind1=" " ind2=" "><marc:subfield code="a">(TxDaGIAL)37741100001137</marc:subfield></marc:datafield><marc:controlfield tag="005">20080624154613.0</marc:controlfield><marc:controlfield tag="001">930</marc:controlfield><marc:controlfield tag="003">TxDaGIAL</marc:controlfield><marc:datafield tag="852" ind1=" " ind2=" "><marc:subfield code="p">37741100001137</marc:subfield><marc:subfield code="a">Library</marc:subfield><marc:subfield code="x">COPYID:1097</marc:subfield><marc:subfield code="x">FSC@aRegular@c19950111</marc:subfield><marc:subfield code="h">301.2 B422s 1970</marc:subfield><marc:subfield code="z">8438</marc:subfield></marc:datafield></marc:record>