
<marc:record><marc:leader>01072nam a2200277 a 4500</marc:leader>
<marc:controlfield tag="008">941003s1994    nyua     b    000 0deng d</marc:controlfield>
<marc:datafield tag="010" ind1=" " ind2=" "><marc:subfield code="a">   94180883</marc:subfield></marc:datafield><marc:datafield tag="020" ind1=" " ind2=" "><marc:subfield code="a">0877271305 (pbk.) :</marc:subfield><marc:subfield code="c">$14.00</marc:subfield></marc:datafield><marc:datafield tag="040" ind1=" " ind2=" "><marc:subfield code="a">WaU</marc:subfield><marc:subfield code="c">WaU</marc:subfield><marc:subfield code="d">DLC</marc:subfield></marc:datafield><marc:datafield tag="042" ind1=" " ind2=" "><marc:subfield code="a">lccopycat</marc:subfield></marc:datafield><marc:datafield tag="043" ind1=" " ind2=" "><marc:subfield code="a">a-ls---</marc:subfield></marc:datafield><marc:datafield tag="100" ind1="0" ind2=" "><marc:subfield code="a">Damrong Tayanin.</marc:subfield></marc:datafield><marc:datafield tag="245" ind1="1" ind2="0"><marc:subfield code="a">Being Kammu :</marc:subfield><marc:subfield code="b">my village, my life /</marc:subfield><marc:subfield code="c">Damrong Tayanin.</marc:subfield></marc:datafield><marc:datafield tag="260" ind1=" " ind2=" "><marc:subfield code="a">Ithaca, N.Y. :</marc:subfield><marc:subfield code="b">Southeast Asia Program, Cornell University,</marc:subfield><marc:subfield code="c">1994.</marc:subfield></marc:datafield><marc:datafield tag="300" ind1=" " ind2=" "><marc:subfield code="a">130 p. :</marc:subfield><marc:subfield code="b">ill., map ;</marc:subfield><marc:subfield code="c">26 cm.</marc:subfield></marc:datafield><marc:datafield tag="440" ind1=" " ind2="0"><marc:subfield code="a">Southeast Asia Program series ;</marc:subfield><marc:subfield code="v">14</marc:subfield></marc:datafield><marc:datafield tag="504" ind1=" " ind2=" "><marc:subfield code="a">Includes bibliographical references (p. [127]-130).</marc:subfield></marc:datafield><marc:datafield tag="650" ind1=" " ind2="0"><marc:subfield code="a">Khmu' (Southeast Asian people)</marc:subfield></marc:datafield><marc:datafield tag="651" ind1=" " ind2="0"><marc:subfield code="a">Rmcal (Laos)</marc:subfield><marc:subfield code="x">Description and travel.</marc:subfield></marc:datafield><marc:datafield tag="600" ind1="0" ind2="0"><marc:subfield code="a">Damrong Tayanin.</marc:subfield></marc:datafield><marc:datafield tag="035" ind1=" " ind2=" "><marc:subfield code="a">(TxDaGIAL)37741100005804</marc:subfield></marc:datafield><marc:controlfield tag="005">20080624154613.0</marc:controlfield><marc:controlfield tag="001">933</marc:controlfield><marc:controlfield tag="003">TxDaGIAL</marc:controlfield><marc:datafield tag="852" ind1=" " ind2=" "><marc:subfield code="p">37741100005804</marc:subfield><marc:subfield code="a">Library</marc:subfield><marc:subfield code="9">$12.18</marc:subfield><marc:subfield code="x">COPYID:1100</marc:subfield><marc:subfield code="x">FSC@aRegular@c19950720</marc:subfield><marc:subfield code="h">306.0899593 D166b 1994</marc:subfield><marc:subfield code="z">B/T 7-95</marc:subfield></marc:datafield><marc:datafield tag="852" ind1=" " ind2=" "><marc:subfield code="p">37741100005805</marc:subfield><marc:subfield code="a">Library</marc:subfield><marc:subfield code="9">$17.50</marc:subfield><marc:subfield code="x">COPYID:1101</marc:subfield><marc:subfield code="x">FSC@aRegular@c19950720</marc:subfield><marc:subfield code="h">306.0899593 D166b 1994</marc:subfield><marc:subfield code="z">Cellar Bookshop</marc:subfield></marc:datafield></marc:record>