
<marc:record><marc:leader>01130nam a2200277Ii 4500</marc:leader>
<marc:controlfield tag="008">750529s1964    gw a     b    01000 ger  </marc:controlfield>
<marc:datafield tag="010" ind1=" " ind2=" "><marc:subfield code="a">   78372204</marc:subfield></marc:datafield><marc:datafield tag="035" ind1=" " ind2=" "><marc:subfield code="a">(CU-UC)dlaisn2615432</marc:subfield></marc:datafield><marc:datafield tag="040" ind1=" " ind2=" "><marc:subfield code="c">JHE</marc:subfield><marc:subfield code="d">CU-I</marc:subfield></marc:datafield><marc:datafield tag="245" ind1="0" ind2="0"><marc:subfield code="a">Beitrge zur Vlkerkunde Sdamerikas :</marc:subfield><marc:subfield code="b">Festgabe fr Herbert Baldus zum 65. Geburtstag. /</marc:subfield><marc:subfield code="c">[Redaktion: Hans Becher].</marc:subfield></marc:datafield><marc:datafield tag="260" ind1="0" ind2=" "><marc:subfield code="a">Hannover :</marc:subfield><marc:subfield code="b">Kommissionsverlag Mnstermann-Druck,</marc:subfield><marc:subfield code="c">1964.</marc:subfield></marc:datafield><marc:datafield tag="300" ind1=" " ind2=" "><marc:subfield code="a">x, 374 p. :</marc:subfield><marc:subfield code="b">illus., geneal. tables, maps, port. ;</marc:subfield><marc:subfield code="c">24 cm.</marc:subfield></marc:datafield><marc:datafield tag="440" ind1=" " ind2="0"><marc:subfield code="a">Vlkerkundliche Abhandlungen,</marc:subfield><marc:subfield code="x">0073-0270 ;</marc:subfield><marc:subfield code="v">Bd. 1.</marc:subfield></marc:datafield><marc:datafield tag="500" ind1=" " ind2=" "><marc:subfield code="a">Essays in German, English, Portuguese, Russian, French, or Spanish.</marc:subfield></marc:datafield><marc:datafield tag="500" ind1=" " ind2=" "><marc:subfield code="a">&quot;Verzeichnis der Schriften von Herbert Baldus&quot;: p.[367]-371.</marc:subfield></marc:datafield><marc:datafield tag="504" ind1=" " ind2=" "><marc:subfield code="a">Includes bibliographies.</marc:subfield></marc:datafield><marc:datafield tag="546" ind1=" " ind2=" "><marc:subfield code="a">German.</marc:subfield></marc:datafield><marc:datafield tag="600" ind1="1" ind2="0"><marc:subfield code="a">Baldus, Herbert,</marc:subfield><marc:subfield code="d">1899-1970.</marc:subfield></marc:datafield><marc:datafield tag="650" ind1=" " ind2="0"><marc:subfield code="a">Indians of South America.</marc:subfield></marc:datafield><marc:datafield tag="700" ind1="1" ind2="0"><marc:subfield code="a">Becher, Hans,</marc:subfield><marc:subfield code="d">1918-</marc:subfield></marc:datafield><marc:datafield tag="700" ind1="1" ind2="0"><marc:subfield code="a">Baldus, Herbert,</marc:subfield><marc:subfield code="d">1899-1970.</marc:subfield></marc:datafield><marc:datafield tag="035" ind1=" " ind2=" "><marc:subfield code="a">(TxDaGIAL)37741100015063</marc:subfield></marc:datafield><marc:controlfield tag="005">20080624154613.0</marc:controlfield><marc:controlfield tag="001">934</marc:controlfield><marc:controlfield tag="003">TxDaGIAL</marc:controlfield><marc:datafield tag="852" ind1=" " ind2=" "><marc:subfield code="p">37741100015063</marc:subfield><marc:subfield code="a">Library</marc:subfield><marc:subfield code="x">COPYID:1102</marc:subfield><marc:subfield code="x">FSC@aRegular@c19970211</marc:subfield><marc:subfield code="h">980.00498 B422b 1964</marc:subfield><marc:subfield code="z">2428</marc:subfield></marc:datafield></marc:record>