
<marc:record><marc:leader>00896cam a2200241 a 4500</marc:leader>
<marc:controlfield tag="008">830820s1975    maua     b   f00010 eng d</marc:controlfield>
<marc:datafield tag="040" ind1=" " ind2=" "><marc:subfield code="d">TxDaGIAL</marc:subfield></marc:datafield><marc:datafield tag="100" ind1="1" ind2="0"><marc:subfield code="a">Bruce, Bertram C.</marc:subfield></marc:datafield><marc:datafield tag="245" ind1="1" ind2="0"><marc:subfield code="a">Belief systems and language understanding /</marc:subfield><marc:subfield code="c">Bertram C. Bruce.</marc:subfield></marc:datafield><marc:datafield tag="260" ind1="0" ind2=" "><marc:subfield code="a">Cambridge, Mass. :</marc:subfield><marc:subfield code="b">Bolt Beranek and Newman, Inc.,</marc:subfield><marc:subfield code="c">1975.</marc:subfield></marc:datafield><marc:datafield tag="300" ind1=" " ind2=" "><marc:subfield code="a">79 p. in various pagings :</marc:subfield><marc:subfield code="b">ill. ;</marc:subfield><marc:subfield code="c">28 cm.</marc:subfield></marc:datafield><marc:datafield tag="490" ind1="1" ind2=" "><marc:subfield code="a">BRN report ;</marc:subfield><marc:subfield code="v">no. 2973</marc:subfield></marc:datafield><marc:datafield tag="490" ind1="1" ind2=" "><marc:subfield code="a">A.I. report ;</marc:subfield><marc:subfield code="v">no. 21</marc:subfield></marc:datafield><marc:datafield tag="500" ind1=" " ind2=" "><marc:subfield code="a">Supported by the Advanced Research Projects Agency under its order no. 1697.</marc:subfield></marc:datafield><marc:datafield tag="504" ind1=" " ind2=" "><marc:subfield code="a">Includes bibliographical references (p. R-1 - R-5).</marc:subfield></marc:datafield><marc:datafield tag="546" ind1=" " ind2=" "><marc:subfield code="a">English.</marc:subfield></marc:datafield><marc:datafield tag="650" ind1=" " ind2="0"><marc:subfield code="a">Semantics.</marc:subfield></marc:datafield><marc:datafield tag="710" ind1="2" ind2="0"><marc:subfield code="a">Bolt, Beranek, and Newman, inc.</marc:subfield></marc:datafield><marc:datafield tag="035" ind1=" " ind2=" "><marc:subfield code="a">(TxDaGIAL)37741100019068</marc:subfield></marc:datafield><marc:controlfield tag="005">20080624154614.0</marc:controlfield><marc:controlfield tag="001">936</marc:controlfield><marc:controlfield tag="003">TxDaGIAL</marc:controlfield><marc:datafield tag="852" ind1=" " ind2=" "><marc:subfield code="p">37741100019068</marc:subfield><marc:subfield code="a">Library</marc:subfield><marc:subfield code="x">COPYID:1104</marc:subfield><marc:subfield code="x">FSC@aRegular@c19970717</marc:subfield><marc:subfield code="h">006.3 B886b 1975</marc:subfield><marc:subfield code="z">4122</marc:subfield></marc:datafield></marc:record>