
<marc:record><marc:leader>00862cam a2200253 i 4500</marc:leader>
<marc:controlfield tag="008">781226s1979    miu      b    00100 eng  </marc:controlfield>
<marc:datafield tag="010" ind1=" " ind2=" "><marc:subfield code="a">   78031552 //r91</marc:subfield></marc:datafield><marc:datafield tag="020" ind1=" " ind2=" "><marc:subfield code="a">0472085808 :</marc:subfield><marc:subfield code="c">$8.00</marc:subfield></marc:datafield><marc:datafield tag="040" ind1=" " ind2=" "><marc:subfield code="a">DLC</marc:subfield><marc:subfield code="c">DLC</marc:subfield><marc:subfield code="d">DLC</marc:subfield></marc:datafield><marc:datafield tag="050" ind1="0" ind2="0"><marc:subfield code="a">GT2884</marc:subfield><marc:subfield code="b">.B44 1979</marc:subfield></marc:datafield><marc:datafield tag="082" ind1="0" ind2="0"><marc:subfield code="a">394.1/3/08</marc:subfield></marc:datafield><marc:datafield tag="245" ind1="0" ind2="0"><marc:subfield code="a">Beliefs, behaviors, &amp; alcoholic beverages :</marc:subfield><marc:subfield code="b">a cross-cultural survey /</marc:subfield><marc:subfield code="c">Mac Marshall, editor.</marc:subfield></marc:datafield><marc:datafield tag="260" ind1="0" ind2=" "><marc:subfield code="a">Ann Arbor :</marc:subfield><marc:subfield code="b">University of Michigan Press,</marc:subfield><marc:subfield code="c">c1979.</marc:subfield></marc:datafield><marc:datafield tag="300" ind1=" " ind2=" "><marc:subfield code="a">xii, 490 p. ;</marc:subfield><marc:subfield code="c">23 cm.</marc:subfield></marc:datafield><marc:datafield tag="504" ind1=" " ind2=" "><marc:subfield code="a">Bibliography: p. 459-490.</marc:subfield></marc:datafield><marc:datafield tag="650" ind1=" " ind2="0"><marc:subfield code="a">Drinking customs.</marc:subfield></marc:datafield><marc:datafield tag="650" ind1=" " ind2="0"><marc:subfield code="a">Drinking of alcoholic beverages.</marc:subfield></marc:datafield><marc:datafield tag="650" ind1=" " ind2="0"><marc:subfield code="a">Cross-cultural studies.</marc:subfield></marc:datafield><marc:datafield tag="700" ind1="1" ind2="0"><marc:subfield code="a">Marshall, Mac.</marc:subfield></marc:datafield><marc:datafield tag="035" ind1=" " ind2=" "><marc:subfield code="a">(TxDaGIAL)37741100009767</marc:subfield></marc:datafield><marc:controlfield tag="005">20080624154615.0</marc:controlfield><marc:controlfield tag="001">937</marc:controlfield><marc:controlfield tag="003">TxDaGIAL</marc:controlfield><marc:datafield tag="852" ind1=" " ind2=" "><marc:subfield code="p">37741100009767</marc:subfield><marc:subfield code="a">Library</marc:subfield><marc:subfield code="x">COPYID:1105</marc:subfield><marc:subfield code="x">FSC@aRegular@c19951124</marc:subfield><marc:subfield code="h">394.1308 B431m 1979</marc:subfield><marc:subfield code="z">8608</marc:subfield></marc:datafield></marc:record>