
<marc:record><marc:leader>01100cam a2200301 a 4500</marc:leader>
<marc:controlfield tag="008">950403s1995    pau      b    000 0 eng  </marc:controlfield>
<marc:datafield tag="010" ind1=" " ind2=" "><marc:subfield code="a">   95016093</marc:subfield></marc:datafield><marc:datafield tag="020" ind1=" " ind2=" "><marc:subfield code="a">1563381176 (Trinity)</marc:subfield></marc:datafield><marc:datafield tag="020" ind1=" " ind2=" "><marc:subfield code="a">0852443331 (Gracewing)</marc:subfield></marc:datafield><marc:datafield tag="040" ind1=" " ind2=" "><marc:subfield code="a">DLC</marc:subfield><marc:subfield code="c">DLC</marc:subfield><marc:subfield code="d">DLC</marc:subfield></marc:datafield><marc:datafield tag="050" ind1="0" ind2="0"><marc:subfield code="a">BV2063</marc:subfield><marc:subfield code="b">.B648 1995</marc:subfield></marc:datafield><marc:datafield tag="082" ind1="0" ind2="0"><marc:subfield code="a">266/.01</marc:subfield><marc:subfield code="2">20</marc:subfield></marc:datafield><marc:datafield tag="100" ind1="1" ind2=" "><marc:subfield code="a">Bosch, David Jacobus.</marc:subfield></marc:datafield><marc:datafield tag="245" ind1="1" ind2="0"><marc:subfield code="a">Believing in the future :</marc:subfield><marc:subfield code="b">toward a missiology of Western culture /</marc:subfield><marc:subfield code="c">David J. Bosch.</marc:subfield></marc:datafield><marc:datafield tag="250" ind1=" " ind2=" "><marc:subfield code="a">1st U.S. ed.</marc:subfield></marc:datafield><marc:datafield tag="260" ind1=" " ind2=" "><marc:subfield code="a">Valley Forge, Pa. :</marc:subfield><marc:subfield code="b">Trinity Press International ;</marc:subfield><marc:subfield code="a">Leominster Herefordshire, England :</marc:subfield><marc:subfield code="b">Gracewing,</marc:subfield><marc:subfield code="c">1995.</marc:subfield></marc:datafield><marc:datafield tag="300" ind1=" " ind2=" "><marc:subfield code="a">x, 69 p. ;</marc:subfield><marc:subfield code="c">19 cm.</marc:subfield></marc:datafield><marc:datafield tag="440" ind1=" " ind2="0"><marc:subfield code="a">Christian mission and modern culture</marc:subfield></marc:datafield><marc:datafield tag="504" ind1=" " ind2=" "><marc:subfield code="a">Includes bibliographical references (p. 65-69).</marc:subfield></marc:datafield><marc:datafield tag="650" ind1=" " ind2="0"><marc:subfield code="a">Missions</marc:subfield><marc:subfield code="x">Theory.</marc:subfield></marc:datafield><marc:datafield tag="650" ind1=" " ind2="0"><marc:subfield code="a">Christianity and culture.</marc:subfield></marc:datafield><marc:datafield tag="650" ind1=" " ind2="0"><marc:subfield code="a">Missions</marc:subfield><marc:subfield code="x">History.</marc:subfield></marc:datafield><marc:datafield tag="650" ind1=" " ind2="0"><marc:subfield code="a">Mission of the church.</marc:subfield></marc:datafield><marc:datafield tag="035" ind1=" " ind2=" "><marc:subfield code="a">(TxDaGIAL)37741100014352</marc:subfield></marc:datafield><marc:controlfield tag="005">20080624154615.0</marc:controlfield><marc:controlfield tag="001">938</marc:controlfield><marc:controlfield tag="003">TxDaGIAL</marc:controlfield><marc:datafield tag="852" ind1=" " ind2=" "><marc:subfield code="p">37741100014352</marc:subfield><marc:subfield code="a">Library</marc:subfield><marc:subfield code="9">$6.09</marc:subfield><marc:subfield code="x">FUND:Miss</marc:subfield><marc:subfield code="x">COPYID:1106</marc:subfield><marc:subfield code="x">FSC@aRegular@c19970102</marc:subfield><marc:subfield code="h">266.01 B742b 1995</marc:subfield><marc:subfield code="z">B/T 1-97</marc:subfield></marc:datafield></marc:record>