
<marc:record><marc:leader>01034cam a2200289   4500</marc:leader>
<marc:controlfield tag="008">701231s1970    stk           00110 eng  </marc:controlfield>
<marc:datafield tag="010" ind1=" " ind2=" "><marc:subfield code="a">   77106474 //r893</marc:subfield></marc:datafield><marc:datafield tag="040" ind1=" " ind2=" "><marc:subfield code="a">DLC</marc:subfield><marc:subfield code="c">DLC</marc:subfield><marc:subfield code="d">TxDaGIAL</marc:subfield></marc:datafield><marc:datafield tag="050" ind1="0" ind2=" "><marc:subfield code="a">DS36.85</marc:subfield><marc:subfield code="b">.I8 no. 8</marc:subfield></marc:datafield><marc:datafield tag="082" ind1=" " ind2=" "><marc:subfield code="a">297/.122</marc:subfield></marc:datafield><marc:datafield tag="100" ind1="1" ind2="0"><marc:subfield code="a">Bell, Richard,</marc:subfield><marc:subfield code="d">b. 1876.</marc:subfield></marc:datafield><marc:datafield tag="240" ind1="1" ind2="0"><marc:subfield code="a">Introduction to the Qurn.</marc:subfield></marc:datafield><marc:datafield tag="245" ind1="1" ind2="0"><marc:subfield code="a">Bell's introduction to the Qurn.</marc:subfield></marc:datafield><marc:datafield tag="250" ind1=" " ind2=" "><marc:subfield code="a">[New ed.] /</marc:subfield><marc:subfield code="b">revised and enlarged by W. Montgomery Watt.</marc:subfield></marc:datafield><marc:datafield tag="260" ind1="0" ind2=" "><marc:subfield code="a">Edinburg :</marc:subfield><marc:subfield code="b">Edinburgh U.P.,</marc:subfield><marc:subfield code="c">1970.</marc:subfield></marc:datafield><marc:datafield tag="300" ind1=" " ind2=" "><marc:subfield code="a">xi, 258 p. ;</marc:subfield><marc:subfield code="c">21 cm.</marc:subfield></marc:datafield><marc:datafield tag="440" ind1=" " ind2="0"><marc:subfield code="a">Islamic surveys ;</marc:subfield><marc:subfield code="v">8</marc:subfield></marc:datafield><marc:datafield tag="500" ind1=" " ind2=" "><marc:subfield code="a">Earlier ed. published under title: Introduction to the Qurn.</marc:subfield></marc:datafield><marc:datafield tag="504" ind1=" " ind2=" "><marc:subfield code="a">Bibliography: p. 189-201.</marc:subfield></marc:datafield><marc:datafield tag="630" ind1="0" ind2="0"><marc:subfield code="a">Koran</marc:subfield><marc:subfield code="v">Introductions.</marc:subfield></marc:datafield><marc:datafield tag="700" ind1="1" ind2="0"><marc:subfield code="a">Watt, W. Montgomery</marc:subfield><marc:subfield code="q">(William Montgomery)</marc:subfield></marc:datafield><marc:datafield tag="740" ind1="0" ind2="1"><marc:subfield code="a">Introduction to the Qurn.</marc:subfield></marc:datafield><marc:datafield tag="035" ind1=" " ind2=" "><marc:subfield code="a">(TxDaGIAL)37741100006971</marc:subfield></marc:datafield><marc:controlfield tag="005">20080624154615.0</marc:controlfield><marc:controlfield tag="001">939</marc:controlfield><marc:controlfield tag="003">TxDaGIAL</marc:controlfield><marc:datafield tag="852" ind1=" " ind2=" "><marc:subfield code="p">37741100006971</marc:subfield><marc:subfield code="a">Library</marc:subfield><marc:subfield code="9">$16.20</marc:subfield><marc:subfield code="x">COPYID:1107</marc:subfield><marc:subfield code="x">FSC@aRegular@c19950817</marc:subfield><marc:subfield code="h">297.122 B435i 1970</marc:subfield><marc:subfield code="z">B/T 1-92</marc:subfield></marc:datafield></marc:record>