
<marc:record><marc:leader>00716cam a2200217 i 4500</marc:leader>
<marc:controlfield tag="008">790920c19801979nyu           000 1 eng  </marc:controlfield>
<marc:datafield tag="010" ind1=" " ind2=" "><marc:subfield code="a">   79022317 //r85</marc:subfield></marc:datafield><marc:datafield tag="020" ind1=" " ind2=" "><marc:subfield code="a">0394743148</marc:subfield></marc:datafield><marc:datafield tag="040" ind1=" " ind2=" "><marc:subfield code="a">DLC</marc:subfield><marc:subfield code="c">DLC</marc:subfield><marc:subfield code="d">DLC</marc:subfield><marc:subfield code="d">TxDaGIAL</marc:subfield></marc:datafield><marc:datafield tag="050" ind1="1" ind2="0"><marc:subfield code="a">PR9272.9.N32</marc:subfield><marc:subfield code="b">B4 1980</marc:subfield></marc:datafield><marc:datafield tag="082" ind1="0" ind2="0"><marc:subfield code="a">823/.9/14</marc:subfield></marc:datafield><marc:datafield tag="100" ind1="1" ind2="0"><marc:subfield code="a">Naipaul, V. S.</marc:subfield><marc:subfield code="q">(Vidiadhar Surajprasad),</marc:subfield><marc:subfield code="d">1932-</marc:subfield></marc:datafield><marc:datafield tag="245" ind1="1" ind2="2"><marc:subfield code="a">A bend in the river /</marc:subfield><marc:subfield code="c">V. S. Naipaul.</marc:subfield></marc:datafield><marc:datafield tag="250" ind1=" " ind2=" "><marc:subfield code="a">Vintage International ed.</marc:subfield></marc:datafield><marc:datafield tag="260" ind1="0" ind2=" "><marc:subfield code="a">New York :</marc:subfield><marc:subfield code="b">Vintage Books,</marc:subfield><marc:subfield code="c">1989, c1979.</marc:subfield></marc:datafield><marc:datafield tag="300" ind1=" " ind2=" "><marc:subfield code="a">278 p. ;</marc:subfield><marc:subfield code="c">18 cm.</marc:subfield></marc:datafield><marc:datafield tag="035" ind1=" " ind2=" "><marc:subfield code="a">(TxDaGIAL)37741100014186</marc:subfield></marc:datafield><marc:controlfield tag="005">20080624154616.0</marc:controlfield><marc:controlfield tag="001">942</marc:controlfield><marc:controlfield tag="003">TxDaGIAL</marc:controlfield><marc:datafield tag="852" ind1=" " ind2=" "><marc:subfield code="p">37741100014186</marc:subfield><marc:subfield code="a">Library</marc:subfield><marc:subfield code="9">$19.50</marc:subfield><marc:subfield code="x">COPYID:1110</marc:subfield><marc:subfield code="x">FSC@aRegular@c19961212</marc:subfield><marc:subfield code="h">823.914 N157b 1989</marc:subfield><marc:subfield code="z">B/T 6-93</marc:subfield></marc:datafield></marc:record>