
<marc:record><marc:leader>00728nam a2200193 a 4500</marc:leader>
<marc:controlfield tag="008">970722s1988    txu           000 0 eng d</marc:controlfield>
<marc:datafield tag="040" ind1=" " ind2=" "><marc:subfield code="a">TxDaGIAL</marc:subfield><marc:subfield code="c">TxDaGIAL</marc:subfield></marc:datafield><marc:datafield tag="100" ind1="1" ind2=" "><marc:subfield code="a">Stender, Kaye.</marc:subfield></marc:datafield><marc:datafield tag="245" ind1="1" ind2="4"><marc:subfield code="a">The benefits of language learning for literacy specialists /</marc:subfield><marc:subfield code="c">by Kaye Stender.</marc:subfield></marc:datafield><marc:datafield tag="260" ind1=" " ind2=" "><marc:subfield code="c">1988.</marc:subfield></marc:datafield><marc:datafield tag="300" ind1=" " ind2=" "><marc:subfield code="a">vii, 99 leaves ;</marc:subfield><marc:subfield code="c">29 cm.</marc:subfield></marc:datafield><marc:datafield tag="502" ind1=" " ind2=" "><marc:subfield code="a">Thesis substitute, University of Texas at Arlington, 1988.</marc:subfield></marc:datafield><marc:datafield tag="504" ind1=" " ind2=" "><marc:subfield code="a">Includes bibliographical references (leaves 96-99).</marc:subfield></marc:datafield><marc:datafield tag="650" ind1=" " ind2="0"><marc:subfield code="a">Literacy programs</marc:subfield><marc:subfield code="z">Papua New Guinea.</marc:subfield></marc:datafield><marc:datafield tag="035" ind1=" " ind2=" "><marc:subfield code="a">(TxDaGIAL)37741100019165</marc:subfield></marc:datafield><marc:controlfield tag="005">20080624154616.0</marc:controlfield><marc:controlfield tag="001">944</marc:controlfield><marc:controlfield tag="003">TxDaGIAL</marc:controlfield><marc:datafield tag="852" ind1=" " ind2=" "><marc:subfield code="p">37741100019165</marc:subfield><marc:subfield code="a">Library</marc:subfield><marc:subfield code="x">COPYID:1112</marc:subfield><marc:subfield code="x">FSC@aRegular@c19970723</marc:subfield><marc:subfield code="h">302.22440995 S825b 1988</marc:subfield><marc:subfield code="z">13352  author gift</marc:subfield></marc:datafield></marc:record>