
<marc:record><marc:leader>00866cam a22002531  4500</marc:leader>
<marc:controlfield tag="008">740801s1966    dcu      b    00010 eng  </marc:controlfield>
<marc:datafield tag="010" ind1=" " ind2=" "><marc:subfield code="a">   66029717 //r83</marc:subfield></marc:datafield><marc:datafield tag="040" ind1=" " ind2=" "><marc:subfield code="a">DLC</marc:subfield><marc:subfield code="c">DLC</marc:subfield></marc:datafield><marc:datafield tag="050" ind1="0" ind2=" "><marc:subfield code="a">PK1662</marc:subfield><marc:subfield code="b">.R3</marc:subfield></marc:datafield><marc:datafield tag="082" ind1=" " ind2=" "><marc:subfield code="a">491.4/48</marc:subfield></marc:datafield><marc:datafield tag="100" ind1="1" ind2="0"><marc:subfield code="a">Ray, Punya Sloka.</marc:subfield></marc:datafield><marc:datafield tag="245" ind1="1" ind2="0"><marc:subfield code="a">Bengali language handbook /</marc:subfield><marc:subfield code="c">[by] Punya Sloka Ray, Muhammad Abdul Hai [and] Lila Ray.</marc:subfield></marc:datafield><marc:datafield tag="260" ind1="0" ind2=" "><marc:subfield code="a">[Washington] :</marc:subfield><marc:subfield code="b">Center for Applied Linguistics,</marc:subfield><marc:subfield code="c">1966.</marc:subfield></marc:datafield><marc:datafield tag="300" ind1=" " ind2=" "><marc:subfield code="a">xiii, 137 p. :</marc:subfield><marc:subfield code="b">fold. map. ;</marc:subfield><marc:subfield code="c">23 cm.</marc:subfield></marc:datafield><marc:datafield tag="440" ind1=" " ind2="0"><marc:subfield code="a">Language handbook series</marc:subfield></marc:datafield><marc:datafield tag="504" ind1=" " ind2=" "><marc:subfield code="a">Bibliography: p. 135-137.</marc:subfield></marc:datafield><marc:datafield tag="650" ind1=" " ind2="0"><marc:subfield code="a">Bengali language</marc:subfield><marc:subfield code="x">Grammar.</marc:subfield></marc:datafield><marc:datafield tag="700" ind1="1" ind2="0"><marc:subfield code="a">Abd al-ayy, Muammad.</marc:subfield></marc:datafield><marc:datafield tag="700" ind1="1" ind2="0"><marc:subfield code="a">Ray, Lila.</marc:subfield></marc:datafield><marc:datafield tag="035" ind1=" " ind2=" "><marc:subfield code="a">(TxDaGIAL)37741100003989</marc:subfield></marc:datafield><marc:controlfield tag="005">20080624154616.0</marc:controlfield><marc:controlfield tag="001">946</marc:controlfield><marc:controlfield tag="003">TxDaGIAL</marc:controlfield><marc:datafield tag="852" ind1=" " ind2=" "><marc:subfield code="p">37741100003989</marc:subfield><marc:subfield code="a">Library</marc:subfield><marc:subfield code="9">$0.00</marc:subfield><marc:subfield code="x">COPYID:1114</marc:subfield><marc:subfield code="x">FSC@aRegular@c19950508</marc:subfield><marc:subfield code="h">491.448 B466r 1966</marc:subfield><marc:subfield code="z">6714</marc:subfield></marc:datafield></marc:record>