
<marc:record><marc:leader>01003cam a2200241I  4500</marc:leader>
<marc:controlfield tag="008">720925m19641957enk      b    000 0 eng  </marc:controlfield>
<marc:datafield tag="010" ind1=" " ind2=" "><marc:subfield code="a">57003679</marc:subfield></marc:datafield><marc:datafield tag="040" ind1=" " ind2=" "><marc:subfield code="a">DLC</marc:subfield><marc:subfield code="c">WSU</marc:subfield><marc:subfield code="d">SER</marc:subfield><marc:subfield code="d">m.c.</marc:subfield></marc:datafield><marc:datafield tag="050" ind1="0" ind2=" "><marc:subfield code="a">DT515</marc:subfield><marc:subfield code="b">.B7</marc:subfield></marc:datafield><marc:datafield tag="100" ind1="1" ind2=" "><marc:subfield code="a">Bradbury, R. E.</marc:subfield></marc:datafield><marc:datafield tag="245" ind1="1" ind2="4"><marc:subfield code="a">The Benin kingdom and the Edo-speaking peoples of south-western Nigeria /</marc:subfield><marc:subfield code="c">by R. E. Bradbury; together with a section on the Itsekiri by P. C. Lloyd.</marc:subfield></marc:datafield><marc:datafield tag="260" ind1=" " ind2=" "><marc:subfield code="a">London :</marc:subfield><marc:subfield code="b">International African Institute,</marc:subfield><marc:subfield code="c">1964, 1957.</marc:subfield></marc:datafield><marc:datafield tag="300" ind1=" " ind2=" "><marc:subfield code="a">210, [v] p. :</marc:subfield><marc:subfield code="b">2 fold. maps (1 col.) ;</marc:subfield><marc:subfield code="c">25 cm.</marc:subfield></marc:datafield><marc:datafield tag="490" ind1="1" ind2=" "><marc:subfield code="a">Ethnographic survey of Africa: Western Africa ;</marc:subfield><marc:subfield code="v">pt. 13.</marc:subfield></marc:datafield><marc:datafield tag="504" ind1=" " ind2=" "><marc:subfield code="a">Bibliography: p. 165-171, p. 203-205, p. [i-v].</marc:subfield></marc:datafield><marc:datafield tag="650" ind1=" " ind2="0"><marc:subfield code="a">Ethnology</marc:subfield><marc:subfield code="z">Benin.</marc:subfield></marc:datafield><marc:datafield tag="710" ind1="2" ind2="0"><marc:subfield code="a">International African Institute.</marc:subfield></marc:datafield><marc:datafield tag="830" ind1=" " ind2="0"><marc:subfield code="a">Ethnographic survey of Africa.</marc:subfield><marc:subfield code="p">Western Africa ;</marc:subfield><marc:subfield code="v">pt. 13.</marc:subfield></marc:datafield><marc:datafield tag="035" ind1=" " ind2=" "><marc:subfield code="a">(TxDaGIAL)37741100015210</marc:subfield></marc:datafield><marc:controlfield tag="005">20080624154617.0</marc:controlfield><marc:controlfield tag="001">947</marc:controlfield><marc:controlfield tag="003">TxDaGIAL</marc:controlfield><marc:datafield tag="852" ind1=" " ind2=" "><marc:subfield code="p">37741100015210</marc:subfield><marc:subfield code="a">Library</marc:subfield><marc:subfield code="x">COPYID:1115</marc:subfield><marc:subfield code="x">FSC@aRegular@c19970219</marc:subfield><marc:subfield code="h">966.93 B798b 1964</marc:subfield><marc:subfield code="z">6512</marc:subfield></marc:datafield></marc:record>