
<marc:record><marc:leader>00806nam a2200265 a 4500</marc:leader>
<marc:controlfield tag="008">860115s1983    dm a          00010 fre  </marc:controlfield>
<marc:datafield tag="010" ind1=" " ind2=" "><marc:subfield code="a">   85139312</marc:subfield></marc:datafield><marc:datafield tag="020" ind1=" " ind2=" "><marc:subfield code="a">2850693138</marc:subfield></marc:datafield><marc:datafield tag="035" ind1=" " ind2=" "><marc:subfield code="a">(CU-UC)3179620</marc:subfield></marc:datafield><marc:datafield tag="040" ind1=" " ind2=" "><marc:subfield code="a">DLC</marc:subfield><marc:subfield code="c">DLC</marc:subfield></marc:datafield><marc:datafield tag="043" ind1=" " ind2=" "><marc:subfield code="a">f-dm---</marc:subfield></marc:datafield><marc:datafield tag="050" ind1="0" ind2=" "><marc:subfield code="a">DT541.27</marc:subfield><marc:subfield code="b">.A33 1983</marc:subfield></marc:datafield><marc:datafield tag="082" ind1="0" ind2=" "><marc:subfield code="a">966/.8305</marc:subfield><marc:subfield code="2">19</marc:subfield></marc:datafield><marc:datafield tag="100" ind1="1" ind2="0"><marc:subfield code="a">Adam, Kolawol Sikirou.</marc:subfield></marc:datafield><marc:datafield tag="245" ind1="1" ind2="3"><marc:subfield code="a">Le Bnin /</marc:subfield><marc:subfield code="c">Kolawol Sikirou Adam, Michel Boko.</marc:subfield></marc:datafield><marc:datafield tag="260" ind1="0" ind2=" "><marc:subfield code="a">Cotonou :</marc:subfield><marc:subfield code="b">SODIMAS ;</marc:subfield><marc:subfield code="a">Paris :</marc:subfield><marc:subfield code="b">EDICEF,</marc:subfield><marc:subfield code="c">c1983.</marc:subfield></marc:datafield><marc:datafield tag="300" ind1=" " ind2=" "><marc:subfield code="a">95 p. :</marc:subfield><marc:subfield code="b">col. ill. ;</marc:subfield><marc:subfield code="c">27 cm.</marc:subfield></marc:datafield><marc:datafield tag="546" ind1=" " ind2=" "><marc:subfield code="a">French.</marc:subfield></marc:datafield><marc:datafield tag="651" ind1=" " ind2="0"><marc:subfield code="a">Benin</marc:subfield><marc:subfield code="x">Description and travel.</marc:subfield></marc:datafield><marc:datafield tag="700" ind1="1" ind2="0"><marc:subfield code="a">Boko, Michel.</marc:subfield></marc:datafield><marc:datafield tag="035" ind1=" " ind2=" "><marc:subfield code="a">(TxDaGIAL)37741100015214</marc:subfield></marc:datafield><marc:controlfield tag="005">20080624154617.0</marc:controlfield><marc:controlfield tag="001">948</marc:controlfield><marc:controlfield tag="003">TxDaGIAL</marc:controlfield><marc:datafield tag="852" ind1=" " ind2=" "><marc:subfield code="p">37741100015214</marc:subfield><marc:subfield code="a">Library</marc:subfield><marc:subfield code="x">COPYID:1116</marc:subfield><marc:subfield code="x">FSC@aRegular@c19970219</marc:subfield><marc:subfield code="h">966.83 A194b 1983</marc:subfield><marc:subfield code="z">12981</marc:subfield></marc:datafield></marc:record>