
<marc:record><marc:leader>00664nam a22001811  4500</marc:leader>
<marc:controlfield tag="008">950320s1945    cau           000 0 eng d</marc:controlfield>
<marc:datafield tag="040" ind1=" " ind2=" "><marc:subfield code="c">TxDaGIAL</marc:subfield><marc:subfield code="d">TxDaGIAL</marc:subfield></marc:datafield><marc:datafield tag="130" ind1="0" ind2=" "><marc:subfield code="a">Bible.</marc:subfield><marc:subfield code="p">N.T.</marc:subfield><marc:subfield code="l">English.</marc:subfield><marc:subfield code="s">Berkeley.</marc:subfield><marc:subfield code="f">1945.</marc:subfield></marc:datafield><marc:datafield tag="245" ind1="1" ind2="0"><marc:subfield code="a">Berkley version of the New Testament /</marc:subfield><marc:subfield code="c">with footnotes by Gerrit Verkuyl.</marc:subfield></marc:datafield><marc:datafield tag="260" ind1=" " ind2=" "><marc:subfield code="a">Berkeley, Calif. :</marc:subfield><marc:subfield code="b">James J. Gillick,</marc:subfield><marc:subfield code="c">1945.</marc:subfield></marc:datafield><marc:datafield tag="300" ind1=" " ind2=" "><marc:subfield code="a">iv, 672 p. ;</marc:subfield><marc:subfield code="c">14 cm.</marc:subfield></marc:datafield><marc:datafield tag="500" ind1=" " ind2=" "><marc:subfield code="a">Title page msg.</marc:subfield></marc:datafield><marc:datafield tag="700" ind1="1" ind2="0"><marc:subfield code="a">Verkuyl, Gerrit,</marc:subfield><marc:subfield code="d">b. 1872</marc:subfield><marc:subfield code="e">tr.</marc:subfield></marc:datafield><marc:datafield tag="035" ind1=" " ind2=" "><marc:subfield code="a">(TxDaGIAL)37741100002504</marc:subfield></marc:datafield><marc:controlfield tag="005">20080624154617.0</marc:controlfield><marc:controlfield tag="001">949</marc:controlfield><marc:controlfield tag="003">TxDaGIAL</marc:controlfield><marc:datafield tag="852" ind1=" " ind2=" "><marc:subfield code="p">37741100002504</marc:subfield><marc:subfield code="a">Library</marc:subfield><marc:subfield code="b">John Beekman Tran Li</marc:subfield><marc:subfield code="x">COPYID:1117</marc:subfield><marc:subfield code="x">FSC@aRegular@c19950320</marc:subfield><marc:subfield code="h">225.5208 B512 1945</marc:subfield></marc:datafield></marc:record>