
<marc:record><marc:leader>00703nam a22002171  4500</marc:leader>
<marc:controlfield tag="008">751119s1950    nyua          00000 eng  </marc:controlfield>
<marc:datafield tag="010" ind1=" " ind2=" "><marc:subfield code="a">   50006592 //r86</marc:subfield></marc:datafield><marc:datafield tag="040" ind1=" " ind2=" "><marc:subfield code="c">Wa</marc:subfield><marc:subfield code="d">TxDaGIAL</marc:subfield></marc:datafield><marc:datafield tag="041" ind1="1" ind2="0"><marc:subfield code="a">engger</marc:subfield></marc:datafield><marc:datafield tag="050" ind1="0" ind2=" "><marc:subfield code="a">PF3121</marc:subfield><marc:subfield code="b">.B42</marc:subfield></marc:datafield><marc:datafield tag="082" ind1=" " ind2=" "><marc:subfield code="a">438.242</marc:subfield></marc:datafield><marc:datafield tag="110" ind1="2" ind2="0"><marc:subfield code="a">Berlitz Schools of Languages of America.</marc:subfield></marc:datafield><marc:datafield tag="245" ind1="1" ind2="4"><marc:subfield code="a">The Berlitz self-teacher: German.</marc:subfield></marc:datafield><marc:datafield tag="260" ind1="0" ind2=" "><marc:subfield code="a">New York :</marc:subfield><marc:subfield code="b">Grosset &amp; Dunlap,</marc:subfield><marc:subfield code="c">[c1950]</marc:subfield></marc:datafield><marc:datafield tag="300" ind1=" " ind2=" "><marc:subfield code="a">viii, 284 p. :</marc:subfield><marc:subfield code="b">illus. ;</marc:subfield><marc:subfield code="c">21 cm.</marc:subfield></marc:datafield><marc:datafield tag="650" ind1=" " ind2="0"><marc:subfield code="a">German language</marc:subfield><marc:subfield code="v">Conversation and phrase books.</marc:subfield></marc:datafield><marc:datafield tag="035" ind1=" " ind2=" "><marc:subfield code="a">(TxDaGIAL)37741100007279</marc:subfield></marc:datafield><marc:controlfield tag="005">20080624154617.0</marc:controlfield><marc:controlfield tag="001">950</marc:controlfield><marc:controlfield tag="003">TxDaGIAL</marc:controlfield><marc:datafield tag="852" ind1=" " ind2=" "><marc:subfield code="p">37741100007279</marc:subfield><marc:subfield code="a">Library</marc:subfield><marc:subfield code="x">COPYID:1118</marc:subfield><marc:subfield code="x">FSC@aRegular@c19950825</marc:subfield><marc:subfield code="h">438.242 B515b 1950</marc:subfield><marc:subfield code="z">9894</marc:subfield></marc:datafield></marc:record>