
<marc:record><marc:leader>00801nam a22002171  4500</marc:leader>
<marc:controlfield tag="008">751006s1953    nyua          00000 eng  </marc:controlfield>
<marc:datafield tag="010" ind1=" " ind2=" "><marc:subfield code="a">   53013400 /L/r86</marc:subfield></marc:datafield><marc:datafield tag="040" ind1=" " ind2=" "><marc:subfield code="c">Wa</marc:subfield><marc:subfield code="d">TxDaGIAL</marc:subfield></marc:datafield><marc:datafield tag="041" ind1="0" ind2=" "><marc:subfield code="a">engheb</marc:subfield></marc:datafield><marc:datafield tag="050" ind1="0" ind2=" "><marc:subfield code="a">PJ4567.5</marc:subfield><marc:subfield code="b">.B4</marc:subfield></marc:datafield><marc:datafield tag="082" ind1=" " ind2=" "><marc:subfield code="a">492.48242</marc:subfield></marc:datafield><marc:datafield tag="110" ind1="2" ind2="0"><marc:subfield code="a">Berlitz Schools of Languages of America.</marc:subfield></marc:datafield><marc:datafield tag="245" ind1="1" ind2="4"><marc:subfield code="a">The Berlitz self-teacher: Hebrew /</marc:subfield><marc:subfield code="c">by the staff of the Berlitz Schools of Languages, under the direction of Robert Strumpen-Darrie and Charles F. Berlitz.</marc:subfield></marc:datafield><marc:datafield tag="260" ind1="0" ind2=" "><marc:subfield code="a">New York :</marc:subfield><marc:subfield code="b">Grosset &amp; Dunlap,</marc:subfield><marc:subfield code="c">c1953.</marc:subfield></marc:datafield><marc:datafield tag="300" ind1=" " ind2=" "><marc:subfield code="a">316 p. :</marc:subfield><marc:subfield code="b">illus.</marc:subfield></marc:datafield><marc:datafield tag="650" ind1=" " ind2="0"><marc:subfield code="a">Hebrew language</marc:subfield><marc:subfield code="x">Self-instruction.</marc:subfield></marc:datafield><marc:datafield tag="035" ind1=" " ind2=" "><marc:subfield code="a">(TxDaGIAL)37741100007663</marc:subfield></marc:datafield><marc:controlfield tag="005">20080624154617.0</marc:controlfield><marc:controlfield tag="001">951</marc:controlfield><marc:controlfield tag="003">TxDaGIAL</marc:controlfield><marc:datafield tag="852" ind1=" " ind2=" "><marc:subfield code="p">37741100007663</marc:subfield><marc:subfield code="a">Library</marc:subfield><marc:subfield code="x">COPYID:1119</marc:subfield><marc:subfield code="x">FSC@aRegular@c19950906</marc:subfield><marc:subfield code="h">492.478242 B515 1953</marc:subfield><marc:subfield code="z">5376</marc:subfield></marc:datafield></marc:record>