
<marc:record><marc:leader>00798cam a2200229 i 4500</marc:leader>
<marc:controlfield tag="008">730831s1973    nyua          00000 eng  </marc:controlfield>
<marc:datafield tag="010" ind1=" " ind2=" "><marc:subfield code="a">   73079056 //r913</marc:subfield></marc:datafield><marc:datafield tag="020" ind1=" " ind2=" "><marc:subfield code="a">0380449099 :</marc:subfield><marc:subfield code="c">$19.95</marc:subfield></marc:datafield><marc:datafield tag="040" ind1=" " ind2=" "><marc:subfield code="a">DLC</marc:subfield><marc:subfield code="c">DLC</marc:subfield><marc:subfield code="d">DLC</marc:subfield><marc:subfield code="d">OCoLC</marc:subfield><marc:subfield code="d">TxDaGIAL</marc:subfield></marc:datafield><marc:datafield tag="050" ind1="0" ind2="0"><marc:subfield code="a">PN4900.L55</marc:subfield><marc:subfield code="b">B4</marc:subfield></marc:datafield><marc:datafield tag="082" ind1="0" ind2="0"><marc:subfield code="a">779/.990982</marc:subfield><marc:subfield code="2">19</marc:subfield></marc:datafield><marc:datafield tag="245" ind1="0" ind2="4"><marc:subfield code="a">The Best of Life /</marc:subfield><marc:subfield code="c">[Editor: David E. Scherman].</marc:subfield></marc:datafield><marc:datafield tag="260" ind1="0" ind2=" "><marc:subfield code="a">New York :</marc:subfield><marc:subfield code="b">Time-Life Books :</marc:subfield><marc:subfield code="b">Avon,</marc:subfield><marc:subfield code="c">[1973]</marc:subfield></marc:datafield><marc:datafield tag="300" ind1=" " ind2=" "><marc:subfield code="a">302 p. :</marc:subfield><marc:subfield code="b">illus. (part col.) ;</marc:subfield><marc:subfield code="c">28 cm.</marc:subfield></marc:datafield><marc:datafield tag="630" ind1="0" ind2="0"><marc:subfield code="a">Life (Chicago, Ill.)</marc:subfield></marc:datafield><marc:datafield tag="700" ind1="1" ind2="0"><marc:subfield code="a">Scherman, David Edward,</marc:subfield><marc:subfield code="d">1916-</marc:subfield><marc:subfield code="e">ed.</marc:subfield></marc:datafield><marc:datafield tag="730" ind1="0" ind2="1"><marc:subfield code="a">Life (Chicago, Ill.)</marc:subfield></marc:datafield><marc:datafield tag="035" ind1=" " ind2=" "><marc:subfield code="a">(TxDaGIAL)37741100005504</marc:subfield></marc:datafield><marc:controlfield tag="005">20080624154618.0</marc:controlfield><marc:controlfield tag="001">953</marc:controlfield><marc:controlfield tag="003">TxDaGIAL</marc:controlfield><marc:datafield tag="852" ind1=" " ind2=" "><marc:subfield code="p">37741100005504</marc:subfield><marc:subfield code="a">Library</marc:subfield><marc:subfield code="x">COPYID:1121</marc:subfield><marc:subfield code="x">FSC@aRegular@c19950705</marc:subfield><marc:subfield code="h">779.990982 B561 1973</marc:subfield><marc:subfield code="z">Peter Lester gift 6-93</marc:subfield></marc:datafield></marc:record>