
<marc:record><marc:leader>01302cam a2200277 a 4500</marc:leader>
<marc:controlfield tag="008">840309s1983    enk      b    00000 eng  </marc:controlfield>
<marc:datafield tag="010" ind1=" " ind2=" "><marc:subfield code="a">   83211485 //r882</marc:subfield></marc:datafield><marc:datafield tag="020" ind1=" " ind2=" "><marc:subfield code="a">0080305342</marc:subfield></marc:datafield><marc:datafield tag="041" ind1="1" ind2=" "><marc:subfield code="a">engfre</marc:subfield></marc:datafield><marc:datafield tag="050" ind1="0" ind2=" "><marc:subfield code="a">P306</marc:subfield><marc:subfield code="b">.B44 1983</marc:subfield></marc:datafield><marc:datafield tag="082" ind1="0" ind2=" "><marc:subfield code="a">418/.02</marc:subfield><marc:subfield code="2">19</marc:subfield></marc:datafield><marc:datafield tag="245" ind1="0" ind2="0"><marc:subfield code="a">Better translation for better communication :</marc:subfield><marc:subfield code="b">a survey of the translation market, present and future /</marc:subfield><marc:subfield code="c">prepared for the Commission of the European Communities, Directorate-General, Information, Market, and Innovation by Bureau Marcel van Dijk, Brussels, [and] PA conseiller de direction, Paris ; authors, G. van Slype ... [et al.].</marc:subfield></marc:datafield><marc:datafield tag="250" ind1=" " ind2=" "><marc:subfield code="a">1st ed.</marc:subfield></marc:datafield><marc:datafield tag="260" ind1="0" ind2=" "><marc:subfield code="a">Oxford ;</marc:subfield><marc:subfield code="a">New York :</marc:subfield><marc:subfield code="b">Published for the Commission of the European Communities by Pergamon Press,</marc:subfield><marc:subfield code="c">1983.</marc:subfield></marc:datafield><marc:datafield tag="300" ind1=" " ind2=" "><marc:subfield code="a">xix, 194 p. ;</marc:subfield><marc:subfield code="c">24 cm.</marc:subfield></marc:datafield><marc:datafield tag="504" ind1=" " ind2=" "><marc:subfield code="a">Bibliography: p. 153-163.</marc:subfield></marc:datafield><marc:datafield tag="650" ind1=" " ind2="0"><marc:subfield code="a">Translating and interpreting.</marc:subfield></marc:datafield><marc:datafield tag="700" ind1="1" ind2="0"><marc:subfield code="a">Slype, Georges van.</marc:subfield></marc:datafield><marc:datafield tag="710" ind1="2" ind2="0"><marc:subfield code="a">Commission of the European Communities.</marc:subfield><marc:subfield code="b">Directorate General, Information Market and Innovation.</marc:subfield></marc:datafield><marc:datafield tag="710" ind1="2" ind2="0"><marc:subfield code="a">Bureau Marcel van Dijk.</marc:subfield></marc:datafield><marc:datafield tag="710" ind1="2" ind2="0"><marc:subfield code="a">PA conseiller de direction (Paris, France)</marc:subfield></marc:datafield><marc:datafield tag="035" ind1=" " ind2=" "><marc:subfield code="a">(TxDaGIAL)37741100004842</marc:subfield></marc:datafield><marc:controlfield tag="005">20080624154619.0</marc:controlfield><marc:controlfield tag="001">956</marc:controlfield><marc:controlfield tag="003">TxDaGIAL</marc:controlfield><marc:datafield tag="852" ind1=" " ind2=" "><marc:subfield code="p">37741100004842</marc:subfield><marc:subfield code="a">Library</marc:subfield><marc:subfield code="x">COPYID:1124</marc:subfield><marc:subfield code="x">FSC@aRegular@c19950609</marc:subfield><marc:subfield code="h">418.02 B565 1983</marc:subfield><marc:subfield code="z">10644</marc:subfield></marc:datafield></marc:record>