
<marc:record><marc:leader>00748nam a2200229 a 4500</marc:leader>
<marc:controlfield tag="008">940329s1961    gw            000 0 eng d</marc:controlfield>
<marc:datafield tag="035" ind1=" " ind2=" "><marc:subfield code="a">(CU-UC)9090673</marc:subfield></marc:datafield><marc:datafield tag="040" ind1=" " ind2=" "><marc:subfield code="a">CU-SB</marc:subfield><marc:subfield code="c">CU-SB</marc:subfield><marc:subfield code="d">TxDaGIAL</marc:subfield></marc:datafield><marc:datafield tag="100" ind1="1" ind2=" "><marc:subfield code="a">Koch, Kurt E.</marc:subfield></marc:datafield><marc:datafield tag="245" ind1="1" ind2="0"><marc:subfield code="a">Between Christ and Satan /</marc:subfield><marc:subfield code="c">by Kurt E. Koch.</marc:subfield></marc:datafield><marc:datafield tag="260" ind1=" " ind2=" "><marc:subfield code="a">[West Germany :</marc:subfield><marc:subfield code="b">Evangelization Publishers] ;</marc:subfield><marc:subfield code="a">Grand Rapids, Mich. :</marc:subfield><marc:subfield code="b">Kregel,</marc:subfield><marc:subfield code="c">1961.</marc:subfield></marc:datafield><marc:datafield tag="300" ind1=" " ind2=" "><marc:subfield code="a">255 p. ;</marc:subfield><marc:subfield code="c">19 cm.</marc:subfield></marc:datafield><marc:datafield tag="546" ind1=" " ind2=" "><marc:subfield code="a">English.</marc:subfield></marc:datafield><marc:datafield tag="650" ind1=" " ind2="0"><marc:subfield code="a">Occultism.</marc:subfield></marc:datafield><marc:datafield tag="650" ind1=" " ind2="0"><marc:subfield code="a">Spiritualism</marc:subfield><marc:subfield code="v">Controversial literature.</marc:subfield></marc:datafield><marc:datafield tag="650" ind1=" " ind2="0"><marc:subfield code="a">Parapsychology.</marc:subfield></marc:datafield><marc:datafield tag="650" ind1=" " ind2="0"><marc:subfield code="a">Spiritual healing.</marc:subfield></marc:datafield><marc:datafield tag="035" ind1=" " ind2=" "><marc:subfield code="a">(TxDaGIAL)37741100019660</marc:subfield></marc:datafield><marc:controlfield tag="005">20080624154619.0</marc:controlfield><marc:controlfield tag="001">957</marc:controlfield><marc:controlfield tag="003">TxDaGIAL</marc:controlfield><marc:datafield tag="852" ind1=" " ind2=" "><marc:subfield code="p">37741100019660</marc:subfield><marc:subfield code="a">Library</marc:subfield><marc:subfield code="x">COPYID:1125</marc:subfield><marc:subfield code="x">FSC@aRegular@c19970812</marc:subfield><marc:subfield code="h">133 K76b 1961</marc:subfield></marc:datafield></marc:record>