
<marc:record><marc:leader>00761cam a2200229 a 4500</marc:leader>
<marc:controlfield tag="008">870619s1987    ii            00110 eng  </marc:controlfield>
<marc:datafield tag="020" ind1=" " ind2=" "><marc:subfield code="a">8170300894 :</marc:subfield><marc:subfield code="c">$12.00</marc:subfield></marc:datafield><marc:datafield tag="040" ind1=" " ind2=" "><marc:subfield code="a">TxDaGIAL</marc:subfield><marc:subfield code="c">TxDaGIAL</marc:subfield></marc:datafield><marc:datafield tag="043" ind1=" " ind2=" "><marc:subfield code="a">a-ii---</marc:subfield></marc:datafield><marc:datafield tag="100" ind1="1" ind2="0"><marc:subfield code="a">Goonetilleke, D. C. R. A.</marc:subfield></marc:datafield><marc:datafield tag="245" ind1="1" ind2="0"><marc:subfield code="a">Between cultures, essays on literature, language and education /</marc:subfield><marc:subfield code="c">D.C.R.A. Goonetilleke.</marc:subfield></marc:datafield><marc:datafield tag="260" ind1="0" ind2=" "><marc:subfield code="a">Delhi :</marc:subfield><marc:subfield code="b">Sri Satguru Publications,</marc:subfield><marc:subfield code="c">1987.</marc:subfield></marc:datafield><marc:datafield tag="300" ind1=" " ind2=" "><marc:subfield code="a">xii, 192 p. ;</marc:subfield><marc:subfield code="c">23 cm.</marc:subfield></marc:datafield><marc:datafield tag="500" ind1=" " ind2=" "><marc:subfield code="a">Includes index.</marc:subfield></marc:datafield><marc:datafield tag="546" ind1=" " ind2=" "><marc:subfield code="a">English.</marc:subfield></marc:datafield><marc:datafield tag="650" ind1=" " ind2="0"><marc:subfield code="a">Language and culture.</marc:subfield></marc:datafield><marc:datafield tag="651" ind1=" " ind2="0"><marc:subfield code="a">Sri Lanka</marc:subfield><marc:subfield code="x">Language planning.</marc:subfield></marc:datafield><marc:datafield tag="035" ind1=" " ind2=" "><marc:subfield code="a">(TxDaGIAL)37741100019348</marc:subfield></marc:datafield><marc:controlfield tag="005">20080624154620.0</marc:controlfield><marc:controlfield tag="001">959</marc:controlfield><marc:controlfield tag="003">TxDaGIAL</marc:controlfield><marc:datafield tag="852" ind1=" " ind2=" "><marc:subfield code="p">37741100019348</marc:subfield><marc:subfield code="a">Library</marc:subfield><marc:subfield code="x">COPYID:1127</marc:subfield><marc:subfield code="x">FSC@aRegular@c19970731</marc:subfield><marc:subfield code="h">306.4 G659b 1987</marc:subfield></marc:datafield></marc:record>