
<marc:record><marc:leader>00904nam a2200241 a 4500</marc:leader>
<marc:controlfield tag="008">901025s1990    dcua     b    00110 eng  </marc:controlfield>
<marc:datafield tag="010" ind1=" " ind2=" "><marc:subfield code="a">   90063714</marc:subfield></marc:datafield><marc:datafield tag="020" ind1=" " ind2=" "><marc:subfield code="a">1560980443</marc:subfield></marc:datafield><marc:datafield tag="040" ind1=" " ind2=" "><marc:subfield code="a">DLC</marc:subfield><marc:subfield code="c">DLC</marc:subfield></marc:datafield><marc:datafield tag="043" ind1=" " ind2=" "><marc:subfield code="a">f-nr---</marc:subfield><marc:subfield code="a">f-cm---</marc:subfield></marc:datafield><marc:datafield tag="050" ind1="0" ind2="0"><marc:subfield code="a">BL2480</marc:subfield><marc:subfield code="b">.C45 1991</marc:subfield></marc:datafield><marc:datafield tag="100" ind1="1" ind2="0"><marc:subfield code="a">Fardon, Richard.</marc:subfield></marc:datafield><marc:datafield tag="245" ind1="1" ind2="0"><marc:subfield code="a">Between God, the dead and the wild :</marc:subfield><marc:subfield code="b">Chamba interpretations of religion and ritual /</marc:subfield><marc:subfield code="c">Richard Fardon.</marc:subfield></marc:datafield><marc:datafield tag="260" ind1="0" ind2=" "><marc:subfield code="a">Washington, D.C. :</marc:subfield><marc:subfield code="b">Smithsonian Institution Press,</marc:subfield><marc:subfield code="c">c1990.</marc:subfield></marc:datafield><marc:datafield tag="300" ind1=" " ind2=" "><marc:subfield code="a">xvii, 252 p. :</marc:subfield><marc:subfield code="b">ill. ;</marc:subfield><marc:subfield code="c">25 cm.</marc:subfield></marc:datafield><marc:datafield tag="440" ind1=" " ind2="0"><marc:subfield code="a">International African library ;</marc:subfield><marc:subfield code="v">8</marc:subfield></marc:datafield><marc:datafield tag="504" ind1=" " ind2=" "><marc:subfield code="a">Includes bibliographical references (p. [240]-243) and index.</marc:subfield></marc:datafield><marc:datafield tag="650" ind1=" " ind2="0"><marc:subfield code="a">Chamba (African people)</marc:subfield><marc:subfield code="x">Religion.</marc:subfield></marc:datafield><marc:datafield tag="035" ind1=" " ind2=" "><marc:subfield code="a">(TxDaGIAL)37741100007482</marc:subfield></marc:datafield><marc:controlfield tag="005">20080624154620.0</marc:controlfield><marc:controlfield tag="001">961</marc:controlfield><marc:controlfield tag="003">TxDaGIAL</marc:controlfield><marc:datafield tag="852" ind1=" " ind2=" "><marc:subfield code="p">37741100007482</marc:subfield><marc:subfield code="a">Library</marc:subfield><marc:subfield code="9">$40.00</marc:subfield><marc:subfield code="x">COPYID:1129</marc:subfield><marc:subfield code="x">FSC@aRegular@c19950831</marc:subfield><marc:subfield code="h">306.60966 F221b 1990</marc:subfield><marc:subfield code="z">B/T 5-92</marc:subfield></marc:datafield></marc:record>