
<marc:record><marc:leader>04873cam a2200325 a 4500</marc:leader>
<marc:controlfield tag="008">890614s1990    enka     b    10100 eng  </marc:controlfield>
<marc:datafield tag="010" ind1=" " ind2=" "><marc:subfield code="a">   89036131</marc:subfield></marc:datafield><marc:datafield tag="020" ind1=" " ind2=" "><marc:subfield code="a">0521362385 :</marc:subfield><marc:subfield code="c">$79.95</marc:subfield></marc:datafield><marc:datafield tag="020" ind1=" " ind2=" "><marc:subfield code="a">0521368081 (pbk.)</marc:subfield></marc:datafield><marc:datafield tag="040" ind1=" " ind2=" "><marc:subfield code="a">DLC</marc:subfield><marc:subfield code="c">DLC</marc:subfield><marc:subfield code="d">DLC</marc:subfield></marc:datafield><marc:datafield tag="050" ind1="0" ind2="0"><marc:subfield code="a">P217</marc:subfield><marc:subfield code="b">.B47 1990</marc:subfield></marc:datafield><marc:datafield tag="082" ind1="0" ind2="0"><marc:subfield code="a">414</marc:subfield><marc:subfield code="2">20</marc:subfield></marc:datafield><marc:datafield tag="245" ind1="0" ind2="0"><marc:subfield code="a">Between the grammar and physics of speech /</marc:subfield><marc:subfield code="c">edited by John Kingston and Mary E. Beckman.</marc:subfield></marc:datafield><marc:datafield tag="260" ind1="0" ind2=" "><marc:subfield code="a">Cambridge [England] ;</marc:subfield><marc:subfield code="a">New York :</marc:subfield><marc:subfield code="b">Cambridge University Press,</marc:subfield><marc:subfield code="c">1990.</marc:subfield></marc:datafield><marc:datafield tag="300" ind1=" " ind2=" "><marc:subfield code="a">x, 506 p. :</marc:subfield><marc:subfield code="b">ill. ;</marc:subfield><marc:subfield code="c">24 cm.</marc:subfield></marc:datafield><marc:datafield tag="440" ind1=" " ind2="0"><marc:subfield code="a">Papers in laboratory phonology ;</marc:subfield><marc:subfield code="v">1</marc:subfield></marc:datafield><marc:datafield tag="500" ind1=" " ind2=" "><marc:subfield code="a">Largely papers of the First Conference in Laboratory Phonology, held in 1988 in Columbus, Ohio.</marc:subfield></marc:datafield><marc:datafield tag="504" ind1=" " ind2=" "><marc:subfield code="a">Includes bibliographical references and indexes.</marc:subfield></marc:datafield><marc:datafield tag="505" ind1="0" ind2=" "><marc:subfield code="a">Where phonology and phonetics intersect: the case of Hausa intonation / Sharon Inkelas, William R. Leben -- Metrical representation of pitch register / D. Robert Ladd -- The status of register in intonation theory: comments on the papers by Ladd and by Inkelas and Leben / G. N. Clements -- The timing of prenuclear high accents in English / Kim E. A. Silverman, Janet B. Pierrehumbert -- Alignment and composition of tonal accents: comments on Silverman and Pierrehumbert's paper / Gosta Bruce -- Macro and micro F[subscript 0] in the synthesis of intonation / Klaus J. Kohler -- The separation of prosodies: comments on Kohler's paper / Kim E. A. Silverman -- Lengthenings and shortenings and the nature of prosodic constituency / Mary E. Beckman, Jan Edwards -- On the nature of prosodic constituency: comments on Beckman and Edwards's paper / Elisabeth Selkirk -- Lengthenings and the nature of prosodic constituency: comments on Beckman and Edwards's paper / Carol A. Fowler -- From performance to phonology: comments on Beckman and Edwards's paper / Anne Cutler -- The Delta programming language: an integrated approach to nonlinear phonology, phonetics, and speech synthesis / Susan R. Hertz -- The phonetics and phonology of aspects of assimilation / John J. Ohala -- On the value of reductionism and formal explicitness in phonological models: comments on Ohala's paper / Janet B. Pierrehumbert -- A response to Pierrehumbert's commentary / John J. Ohala -- The role of the sonority cycle in core syllabification / G. N. Clements -- Demisyllables as sets of features: comments on Clements's paper / Osamu Fujimura -- Tiers in articulatory phonology, with some implications for casual speech / Catherine P. Browman, Louis Goldstein -- Toward a model of articulatory control: comments on Browman and Goldstein's paper / Osamu Fujimura -- Gestures and autosegments: comments on Browman and Goldstein's paper / Donca Steriade -- On dividing phonetics and phonology: comments on the papers by Clements and by Browman and Goldstein / Peter Ladefoged -- Articulatory binding / John Kingston -- The generality of articulatory binding: comments on Kingston's paper / John J. Ohala -- On articulatory binding: comments on Kingston's paper / Louis Goldstein -- The window model of coarticulation: articulatory evidence / Patricia A. Keating -- Some factors influencing the precision required for articulatory targets: comments on Keating's paper / Kenneth N. Stevens -- Some regularities in speech are not consequences of formal rules: comments on Keating's paper / Carol A. Fowler.</marc:subfield></marc:datafield><marc:datafield tag="520" ind1=" " ind2=" "><marc:subfield code="a">This collection of papers presents current research in speech science. The unifying theme of the collection is the relationship between phonological representations of the grammatical structure of speech, and physical models of the production and perception of actual utterances. The authors, including leading specialists from the fields of phonology, electrical engineering, linguistic phonetics and psychology, provide a wide range of views on this question. There are papers dealing with the relationship between phonology and phonetics as it applies to tone in Hausa, to intonation, stress and phrasing in English and German, to universals of patterning in sonority and syllable structure, and in consonant place assimilation, to speech synthesis tools for testing phonological and phonetic theories, and to three different models of articulatory structure. An introductory chapter by the editors outlines the aim of the volume and provides a short overview of the papers. The book is aimed at specialists in all areas of speech science.</marc:subfield></marc:datafield><marc:datafield tag="650" ind1=" " ind2="0"><marc:subfield code="a">Grammar, Comparative and general</marc:subfield><marc:subfield code="x">Phonology</marc:subfield><marc:subfield code="v">Congresses.</marc:subfield></marc:datafield><marc:datafield tag="650" ind1=" " ind2="0"><marc:subfield code="a">Phonetics</marc:subfield><marc:subfield code="v">Congresses.</marc:subfield></marc:datafield><marc:datafield tag="700" ind1="1" ind2="0"><marc:subfield code="a">Kingston, John</marc:subfield><marc:subfield code="q">(John C.)</marc:subfield></marc:datafield><marc:datafield tag="700" ind1="1" ind2="0"><marc:subfield code="a">Beckman, Mary E.</marc:subfield></marc:datafield><marc:datafield tag="711" ind1="2" ind2="0"><marc:subfield code="a">Conference in Laboratory Phonology</marc:subfield><marc:subfield code="n">(1st :</marc:subfield><marc:subfield code="d">1988 :</marc:subfield><marc:subfield code="c">Columbus,Ohio)</marc:subfield></marc:datafield><marc:datafield tag="035" ind1=" " ind2=" "><marc:subfield code="a">(TxDaGIAL)37741100002872</marc:subfield></marc:datafield><marc:controlfield tag="005">20080624154621.0</marc:controlfield><marc:controlfield tag="001">963</marc:controlfield><marc:controlfield tag="003">TxDaGIAL</marc:controlfield><marc:datafield tag="852" ind1=" " ind2=" "><marc:subfield code="p">37741100002872</marc:subfield><marc:subfield code="a">Library</marc:subfield><marc:subfield code="9">$28.67</marc:subfield><marc:subfield code="x">COPYID:1131</marc:subfield><marc:subfield code="x">FSC@aRegular@c19950328</marc:subfield><marc:subfield code="h">414 B565k 1990</marc:subfield><marc:subfield code="z">B/T 7-93</marc:subfield></marc:datafield></marc:record>