
<marc:record><marc:leader>00879pam a2200253 a 4500</marc:leader>
<marc:controlfield tag="008">900220s1990    meu           00010 eng  </marc:controlfield>
<marc:datafield tag="010" ind1=" " ind2=" "><marc:subfield code="a">   90033104</marc:subfield></marc:datafield><marc:datafield tag="020" ind1=" " ind2=" "><marc:subfield code="a">0933662882</marc:subfield></marc:datafield><marc:datafield tag="040" ind1=" " ind2=" "><marc:subfield code="a">DLC</marc:subfield><marc:subfield code="c">DLC</marc:subfield><marc:subfield code="d">DLC</marc:subfield></marc:datafield><marc:datafield tag="043" ind1=" " ind2=" "><marc:subfield code="a">ncgt---</marc:subfield></marc:datafield><marc:datafield tag="050" ind1="0" ind2="0"><marc:subfield code="a">HN150.Z9</marc:subfield><marc:subfield code="b">C69 1990</marc:subfield></marc:datafield><marc:datafield tag="082" ind1="0" ind2="0"><marc:subfield code="a">307.1/412/097281</marc:subfield><marc:subfield code="2">20</marc:subfield></marc:datafield><marc:datafield tag="100" ind1="1" ind2="0"><marc:subfield code="a">West, Donnamarie.</marc:subfield></marc:datafield><marc:datafield tag="245" ind1="1" ind2="0"><marc:subfield code="a">Between two worlds :</marc:subfield><marc:subfield code="b">the human side of development /</marc:subfield><marc:subfield code="c">Donnamarie West.</marc:subfield></marc:datafield><marc:datafield tag="260" ind1="0" ind2=" "><marc:subfield code="a">Yarmouth, ME, USA :</marc:subfield><marc:subfield code="b">Intercultural Press,</marc:subfield><marc:subfield code="c">c1990.</marc:subfield></marc:datafield><marc:datafield tag="300" ind1=" " ind2=" "><marc:subfield code="a">viii, 192 p. :</marc:subfield><marc:subfield code="b">maps ;</marc:subfield><marc:subfield code="c">22 cm.</marc:subfield></marc:datafield><marc:datafield tag="650" ind1=" " ind2="0"><marc:subfield code="a">Rural development projects</marc:subfield><marc:subfield code="z">Guatemala</marc:subfield><marc:subfield code="z">Conacaste.</marc:subfield></marc:datafield><marc:datafield tag="651" ind1=" " ind2="0"><marc:subfield code="a">Guatemala</marc:subfield><marc:subfield code="x">Rural conditions.</marc:subfield></marc:datafield><marc:datafield tag="610" ind1="2" ind2="0"><marc:subfield code="a">Institute of Cultural Affairs.</marc:subfield></marc:datafield><marc:datafield tag="035" ind1=" " ind2=" "><marc:subfield code="a">(TxDaGIAL)37741100006398</marc:subfield></marc:datafield><marc:controlfield tag="005">20080624154621.0</marc:controlfield><marc:controlfield tag="001">964</marc:controlfield><marc:controlfield tag="003">TxDaGIAL</marc:controlfield><marc:datafield tag="852" ind1=" " ind2=" "><marc:subfield code="p">37741100006398</marc:subfield><marc:subfield code="a">Library</marc:subfield><marc:subfield code="9">$16.95</marc:subfield><marc:subfield code="x">COPYID:1132</marc:subfield><marc:subfield code="x">FSC@aRegular@c19950807</marc:subfield><marc:subfield code="h">307.1412097 W517b 1990</marc:subfield><marc:subfield code="z">B/T 6-92</marc:subfield></marc:datafield></marc:record>