
<marc:record><marc:leader>01148nam a2200313 a 4500</marc:leader>
<marc:controlfield tag="008">891020c19771976nyu      b    00110 eng d</marc:controlfield>
<marc:datafield tag="020" ind1=" " ind2=" "><marc:subfield code="a">0385124740</marc:subfield></marc:datafield><marc:datafield tag="040" ind1=" " ind2=" "><marc:subfield code="a">TxDaGIAL</marc:subfield><marc:subfield code="c">TxDaGIAL</marc:subfield></marc:datafield><marc:datafield tag="050" ind1="1" ind2="0"><marc:subfield code="a">HM258</marc:subfield><marc:subfield code="b">.H29</marc:subfield></marc:datafield><marc:datafield tag="082" ind1="0" ind2="4"><marc:subfield code="a">306</marc:subfield><marc:subfield code="2">20</marc:subfield></marc:datafield><marc:datafield tag="100" ind1="1" ind2="0"><marc:subfield code="a">Hall, Edward Twitchell,</marc:subfield><marc:subfield code="d">1914-</marc:subfield></marc:datafield><marc:datafield tag="245" ind1="1" ind2="0"><marc:subfield code="a">Beyond culture /</marc:subfield><marc:subfield code="c">Edward T. Hall.</marc:subfield></marc:datafield><marc:datafield tag="250" ind1=" " ind2=" "><marc:subfield code="a">Anchor Books ed.</marc:subfield></marc:datafield><marc:datafield tag="260" ind1=" " ind2=" "><marc:subfield code="a">Garden City, N.Y. :</marc:subfield><marc:subfield code="b">Anchor Books,</marc:subfield><marc:subfield code="c">1977, c1976.</marc:subfield></marc:datafield><marc:datafield tag="300" ind1=" " ind2=" "><marc:subfield code="a">298 p. ;</marc:subfield><marc:subfield code="c">18 cm.</marc:subfield></marc:datafield><marc:datafield tag="500" ind1=" " ind2=" "><marc:subfield code="a">&quot;A Doubleday Anchor book&quot;</marc:subfield></marc:datafield><marc:datafield tag="500" ind1=" " ind2=" "><marc:subfield code="a">Includes index.</marc:subfield></marc:datafield><marc:datafield tag="504" ind1=" " ind2=" "><marc:subfield code="a">Bibliography: p. [265]-280.</marc:subfield></marc:datafield><marc:datafield tag="650" ind1=" " ind2="0"><marc:subfield code="a">Intercultural communication.</marc:subfield></marc:datafield><marc:datafield tag="650" ind1=" " ind2="0"><marc:subfield code="a">Cultural lag.</marc:subfield></marc:datafield><marc:datafield tag="650" ind1=" " ind2="0"><marc:subfield code="a">Social evolution.</marc:subfield></marc:datafield><marc:datafield tag="650" ind1=" " ind2="0"><marc:subfield code="a">Personality and culture.</marc:subfield></marc:datafield><marc:datafield tag="035" ind1=" " ind2=" "><marc:subfield code="a">(TxDaGIAL)37741100001077</marc:subfield></marc:datafield><marc:controlfield tag="005">20080624154621.0</marc:controlfield><marc:controlfield tag="001">966</marc:controlfield><marc:controlfield tag="003">TxDaGIAL</marc:controlfield><marc:datafield tag="852" ind1=" " ind2=" "><marc:subfield code="p">37741100001077</marc:subfield><marc:subfield code="a">Library</marc:subfield><marc:subfield code="x">COPYID:1134</marc:subfield><marc:subfield code="x">FSC@aRegular@c19950110</marc:subfield><marc:subfield code="h">306 H175b 1977</marc:subfield><marc:subfield code="z">5047</marc:subfield></marc:datafield><marc:datafield tag="852" ind1=" " ind2=" "><marc:subfield code="p">37741100001078</marc:subfield><marc:subfield code="a">Library</marc:subfield><marc:subfield code="x">COPYID:1135</marc:subfield><marc:subfield code="x">FSC@aRegular@c19950110</marc:subfield><marc:subfield code="h">306 H175b 1977</marc:subfield><marc:subfield code="z">1359</marc:subfield></marc:datafield><marc:datafield tag="852" ind1=" " ind2=" "><marc:subfield code="p">37741100001079</marc:subfield><marc:subfield code="a">Library</marc:subfield><marc:subfield code="b">John Beekman Tran Li</marc:subfield><marc:subfield code="x">COPYID:1136</marc:subfield><marc:subfield code="x">FSC@aRegular@c19950110</marc:subfield><marc:subfield code="h">306 H175b 1977</marc:subfield><marc:subfield code="z">6853 (gift in memory of John Beekman)</marc:subfield></marc:datafield></marc:record>