
<marc:record><marc:leader>01112nam a22002771  4500</marc:leader>
<marc:controlfield tag="008">940808s1986    gau           001 0 eng d</marc:controlfield>
<marc:datafield tag="010" ind1=" " ind2=" "><marc:subfield code="a">85-13770 //r88</marc:subfield></marc:datafield><marc:datafield tag="020" ind1=" " ind2=" "><marc:subfield code="a">0865541655 :</marc:subfield><marc:subfield code="c">$27.95</marc:subfield></marc:datafield><marc:datafield tag="040" ind1=" " ind2=" "><marc:subfield code="a">DLC</marc:subfield><marc:subfield code="c">TxDaGIAL</marc:subfield><marc:subfield code="d">TxDaGIAL</marc:subfield></marc:datafield><marc:datafield tag="050" ind1=" " ind2=" "><marc:subfield code="a">BL256</marc:subfield><marc:subfield code="b">.T36 1986</marc:subfield></marc:datafield><marc:datafield tag="082" ind1=" " ind2=" "><marc:subfield code="a">291.1/75</marc:subfield><marc:subfield code="2">20</marc:subfield></marc:datafield><marc:datafield tag="100" ind1="1" ind2=" "><marc:subfield code="a">Taylor, Mark L.</marc:subfield><marc:subfield code="q">(Mark Lewis),</marc:subfield><marc:subfield code="d">1951-</marc:subfield></marc:datafield><marc:datafield tag="245" ind1="1" ind2="0"><marc:subfield code="a">Beyond explanation :</marc:subfield><marc:subfield code="b">religious dimensions in cultural anthropology /</marc:subfield><marc:subfield code="c">Mark Kline Taylor.</marc:subfield></marc:datafield><marc:datafield tag="260" ind1=" " ind2=" "><marc:subfield code="a">Macon, Ga. :</marc:subfield><marc:subfield code="b">Mercer,</marc:subfield><marc:subfield code="c">c1986.</marc:subfield></marc:datafield><marc:datafield tag="300" ind1=" " ind2=" "><marc:subfield code="a">x, 262 p. ;</marc:subfield><marc:subfield code="c">24 cm.</marc:subfield></marc:datafield><marc:datafield tag="500" ind1=" " ind2=" "><marc:subfield code="a">Abstract of thesis (Ph.D.)--University of Chicago Divinity School.</marc:subfield></marc:datafield><marc:datafield tag="504" ind1=" " ind2=" "><marc:subfield code="a">Includes bibliographical references and index.</marc:subfield></marc:datafield><marc:datafield tag="650" ind1=" " ind2="0"><marc:subfield code="a">Ethnology</marc:subfield><marc:subfield code="x">Religious aspects</marc:subfield><marc:subfield code="x">Christianity.</marc:subfield></marc:datafield><marc:datafield tag="650" ind1=" " ind2="0"><marc:subfield code="a">Ethnology</marc:subfield><marc:subfield code="z">Brazil.</marc:subfield></marc:datafield><marc:datafield tag="600" ind1="1" ind2="0"><marc:subfield code="a">Lvi-Strauss, Claude</marc:subfield><marc:subfield code="x">Criticism and interpretation.</marc:subfield></marc:datafield><marc:datafield tag="600" ind1="1" ind2="0"><marc:subfield code="a">Harris, Marvin,</marc:subfield><marc:subfield code="d">1927-</marc:subfield><marc:subfield code="x">Criticism and interpretation.</marc:subfield></marc:datafield><marc:datafield tag="035" ind1=" " ind2=" "><marc:subfield code="a">(TxDaGIAL)37741100000178</marc:subfield></marc:datafield><marc:controlfield tag="005">20080624154622.0</marc:controlfield><marc:controlfield tag="001">967</marc:controlfield><marc:controlfield tag="003">TxDaGIAL</marc:controlfield><marc:datafield tag="852" ind1=" " ind2=" "><marc:subfield code="p">37741100000178</marc:subfield><marc:subfield code="a">Library</marc:subfield><marc:subfield code="9">$14.00</marc:subfield><marc:subfield code="x">COPYID:1137</marc:subfield><marc:subfield code="x">FSC@aRegular@c19940809</marc:subfield><marc:subfield code="h">291.175 T244b 1986</marc:subfield><marc:subfield code="z">purchased from K. McElhanon</marc:subfield></marc:datafield></marc:record>