
<marc:record><marc:leader>00564nam a22001697a 4500</marc:leader>
<marc:controlfield tag="008">940301s1994    paua     b    001 0 eng  </marc:controlfield>
<marc:datafield tag="040" ind1=" " ind2=" "><marc:subfield code="a">TxDaGIAL</marc:subfield><marc:subfield code="c">TxDaGIAL</marc:subfield></marc:datafield><marc:datafield tag="100" ind1="1" ind2=" "><marc:subfield code="a">Stoesz, Edgar.</marc:subfield></marc:datafield><marc:datafield tag="245" ind1="1" ind2="0"><marc:subfield code="a">Beyond good intentions /</marc:subfield><marc:subfield code="c">by Edgar Stoesz.</marc:subfield></marc:datafield><marc:datafield tag="260" ind1=" " ind2=" "><marc:subfield code="a">Newton, Kansas :</marc:subfield><marc:subfield code="b">United Printing,</marc:subfield><marc:subfield code="c">c1972.</marc:subfield></marc:datafield><marc:datafield tag="300" ind1=" " ind2=" "><marc:subfield code="a">xvii, 184 p. ;</marc:subfield><marc:subfield code="c">20 cm.</marc:subfield></marc:datafield><marc:datafield tag="504" ind1=" " ind2=" "><marc:subfield code="a">Includes bibliographical references.</marc:subfield></marc:datafield><marc:datafield tag="035" ind1=" " ind2=" "><marc:subfield code="a">(TxDaGIAL)37741100020723</marc:subfield></marc:datafield><marc:controlfield tag="005">20080624154622.0</marc:controlfield><marc:controlfield tag="001">968</marc:controlfield><marc:controlfield tag="003">TxDaGIAL</marc:controlfield><marc:datafield tag="852" ind1=" " ind2=" "><marc:subfield code="p">37741100020723</marc:subfield><marc:subfield code="a">Library</marc:subfield><marc:subfield code="x">COPYID:1138</marc:subfield><marc:subfield code="x">FSC@aRegular@c19970930</marc:subfield><marc:subfield code="h">307.14 S872b 1972</marc:subfield><marc:subfield code="z">4420</marc:subfield></marc:datafield></marc:record>