
<marc:record><marc:leader>01013cam a2200253 a 4500</marc:leader>
<marc:controlfield tag="008">811217s1982    njua     b    00010 eng  </marc:controlfield>
<marc:datafield tag="010" ind1=" " ind2=" "><marc:subfield code="a">   81022751 //r913</marc:subfield></marc:datafield><marc:datafield tag="020" ind1=" " ind2=" "><marc:subfield code="a">0130760005</marc:subfield></marc:datafield><marc:datafield tag="040" ind1=" " ind2=" "><marc:subfield code="a">DLC</marc:subfield><marc:subfield code="c">DLC</marc:subfield><marc:subfield code="d">DLC</marc:subfield></marc:datafield><marc:datafield tag="050" ind1="0" ind2="0"><marc:subfield code="a">PE1128</marc:subfield><marc:subfield code="b">.L46 1982</marc:subfield></marc:datafield><marc:datafield tag="082" ind1="0" ind2="0"><marc:subfield code="a">428.2/4</marc:subfield><marc:subfield code="2">19</marc:subfield></marc:datafield><marc:datafield tag="100" ind1="1" ind2="0"><marc:subfield code="a">Levine, Deena R.</marc:subfield></marc:datafield><marc:datafield tag="245" ind1="1" ind2="0"><marc:subfield code="a">Beyond language :</marc:subfield><marc:subfield code="b">intercultural communication for English as a second language /</marc:subfield><marc:subfield code="c">Deena R. Levine, Mara B. Adelman ; [illustrations, Yudah Lior, Chris Olsen, and Susan Levine].</marc:subfield></marc:datafield><marc:datafield tag="260" ind1="0" ind2=" "><marc:subfield code="a">Englewood Cliffs, N.J. :</marc:subfield><marc:subfield code="b">Prentice-Hall,</marc:subfield><marc:subfield code="c">c1982.</marc:subfield></marc:datafield><marc:datafield tag="300" ind1=" " ind2=" "><marc:subfield code="a">xvii, 223 p. :</marc:subfield><marc:subfield code="b">ill. ;</marc:subfield><marc:subfield code="c">24 cm.</marc:subfield></marc:datafield><marc:datafield tag="504" ind1=" " ind2=" "><marc:subfield code="a">Bibliography: p. 223.</marc:subfield></marc:datafield><marc:datafield tag="650" ind1=" " ind2="0"><marc:subfield code="a">English language</marc:subfield><marc:subfield code="v">Textbooks for foreign speakers.</marc:subfield></marc:datafield><marc:datafield tag="650" ind1=" " ind2="0"><marc:subfield code="a">Intercultural communication.</marc:subfield></marc:datafield><marc:datafield tag="700" ind1="1" ind2="0"><marc:subfield code="a">Adelman, Mara B.</marc:subfield></marc:datafield><marc:datafield tag="035" ind1=" " ind2=" "><marc:subfield code="a">(TxDaGIAL)37741100003929</marc:subfield></marc:datafield><marc:controlfield tag="005">20080624154622.0</marc:controlfield><marc:controlfield tag="001">969</marc:controlfield><marc:controlfield tag="003">TxDaGIAL</marc:controlfield><marc:datafield tag="852" ind1=" " ind2=" "><marc:subfield code="p">37741100003929</marc:subfield><marc:subfield code="a">Library</marc:subfield><marc:subfield code="b">James E. Redden Coll</marc:subfield><marc:subfield code="9">$0.00</marc:subfield><marc:subfield code="x">COPYID:1139</marc:subfield><marc:subfield code="x">FSC@aRegular@c19950503</marc:subfield><marc:subfield code="h">428.24 L665b 1982</marc:subfield><marc:subfield code="z">gift James E. Redden 1-95</marc:subfield></marc:datafield></marc:record>