
<marc:record><marc:leader>00967nam a2200241 a 4500</marc:leader>
<marc:controlfield tag="008">970818s1989    cau           000 0 eng d</marc:controlfield>
<marc:datafield tag="040" ind1=" " ind2=" "><marc:subfield code="a">TxDaGIAL</marc:subfield><marc:subfield code="c">TxDaGIAL</marc:subfield></marc:datafield><marc:datafield tag="100" ind1="1" ind2=" "><marc:subfield code="a">Adjekum, Grace.</marc:subfield></marc:datafield><marc:datafield tag="245" ind1="1" ind2="0"><marc:subfield code="a">Beyond literacy: functional equivalence for scripture use in Ghana /</marc:subfield><marc:subfield code="c">by Grace Adjekum.</marc:subfield></marc:datafield><marc:datafield tag="260" ind1=" " ind2=" "><marc:subfield code="c">1989.</marc:subfield></marc:datafield><marc:datafield tag="300" ind1=" " ind2=" "><marc:subfield code="a">xi, 195 p. ;</marc:subfield><marc:subfield code="c">29 cm.</marc:subfield></marc:datafield><marc:datafield tag="502" ind1=" " ind2=" "><marc:subfield code="a">Thesis (M.A.)--Fuller Theological Seminary, 1989.</marc:subfield></marc:datafield><marc:datafield tag="504" ind1=" " ind2=" "><marc:subfield code="a">Includes bibliographical references (p. 173-179) and index.</marc:subfield></marc:datafield><marc:datafield tag="650" ind1=" " ind2="0"><marc:subfield code="a">Communication and culture</marc:subfield><marc:subfield code="z">Ghana.</marc:subfield></marc:datafield><marc:datafield tag="650" ind1=" " ind2="0"><marc:subfield code="a">Chokossi (African people)</marc:subfield></marc:datafield><marc:datafield tag="650" ind1=" " ind2="0"><marc:subfield code="a">Oral communication.</marc:subfield></marc:datafield><marc:datafield tag="610" ind1="2" ind2="0"><marc:subfield code="a">Fuller Theological Seminary.</marc:subfield><marc:subfield code="b">School of World Mission and Institute of Church Growth</marc:subfield><marc:subfield code="x">Dissertations.</marc:subfield></marc:datafield><marc:datafield tag="035" ind1=" " ind2=" "><marc:subfield code="a">(TxDaGIAL)37741100019820</marc:subfield></marc:datafield><marc:datafield tag="590" ind1=" " ind2=" "><marc:subfield code="a">Scanning in process.</marc:subfield></marc:datafield><marc:controlfield tag="005">20090130132659.0</marc:controlfield><marc:controlfield tag="001">970</marc:controlfield><marc:controlfield tag="003">TxDaGIAL</marc:controlfield><marc:datafield tag="852" ind1=" " ind2=" "><marc:subfield code="p">37741100019820</marc:subfield><marc:subfield code="a">Library</marc:subfield><marc:subfield code="b">Archives</marc:subfield><marc:subfield code="9">$0.00</marc:subfield><marc:subfield code="x">COPYID:1140</marc:subfield><marc:subfield code="x">FSC@aRegular@c19970819@j@j@j@i@i@i</marc:subfield><marc:subfield code="h">266.0096 A234b 1989</marc:subfield></marc:datafield></marc:record>