
<marc:record><marc:leader>00694cam a22002051  4500</marc:leader>
<marc:controlfield tag="008">811016s1966    |||           0| || eng d</marc:controlfield>
<marc:datafield tag="035" ind1=" " ind2=" "><marc:subfield code="a">PASGPSU163885-B</marc:subfield></marc:datafield><marc:datafield tag="040" ind1=" " ind2=" "><marc:subfield code="a">PSt</marc:subfield><marc:subfield code="c">PSt</marc:subfield></marc:datafield><marc:datafield tag="100" ind1="1" ind2="0"><marc:subfield code="a">Beecher, Willard.</marc:subfield></marc:datafield><marc:datafield tag="245" ind1="1" ind2="0"><marc:subfield code="a">Beyond success and failure :</marc:subfield><marc:subfield code="b">ways to self-reliance and maturity /</marc:subfield><marc:subfield code="c">Willard and Marguerite Beecher.</marc:subfield></marc:datafield><marc:datafield tag="260" ind1="0" ind2=" "><marc:subfield code="a">New York :</marc:subfield><marc:subfield code="b">Pocket Books,</marc:subfield><marc:subfield code="c">c1966.</marc:subfield></marc:datafield><marc:datafield tag="300" ind1=" " ind2=" "><marc:subfield code="a">159 p. ;</marc:subfield><marc:subfield code="c">18 cm.</marc:subfield></marc:datafield><marc:datafield tag="504" ind1=" " ind2=" "><marc:subfield code="a">Bibliography: p. 159.</marc:subfield></marc:datafield><marc:datafield tag="650" ind1=" " ind2="0"><marc:subfield code="a">Success.</marc:subfield></marc:datafield><marc:datafield tag="700" ind1="1" ind2="0"><marc:subfield code="a">Beecher, Marguerite.,</marc:subfield><marc:subfield code="e">joint author.</marc:subfield></marc:datafield><marc:datafield tag="035" ind1=" " ind2=" "><marc:subfield code="a">(TxDaGIAL)37741100013263</marc:subfield></marc:datafield><marc:controlfield tag="005">20080624154622.0</marc:controlfield><marc:controlfield tag="001">971</marc:controlfield><marc:controlfield tag="003">TxDaGIAL</marc:controlfield><marc:datafield tag="852" ind1=" " ind2=" "><marc:subfield code="p">37741100013263</marc:subfield><marc:subfield code="a">Library</marc:subfield><marc:subfield code="x">COPYID:1141</marc:subfield><marc:subfield code="x">FSC@aRegular@c19960916</marc:subfield><marc:subfield code="h">155.25 B414b 1966</marc:subfield><marc:subfield code="z">5651</marc:subfield></marc:datafield></marc:record>