
<marc:record><marc:leader>02655pam a2200325 a 4500</marc:leader>
<marc:controlfield tag="008">950324s1995    ohu          s000 0 eng  </marc:controlfield>
<marc:datafield tag="010" ind1=" " ind2=" "><marc:subfield code="a">   94028337</marc:subfield></marc:datafield><marc:datafield tag="020" ind1=" " ind2=" "><marc:subfield code="a">0896801810 (pbk.) :</marc:subfield><marc:subfield code="c">$20.00</marc:subfield></marc:datafield><marc:datafield tag="040" ind1=" " ind2=" "><marc:subfield code="a">DLC</marc:subfield><marc:subfield code="c">DLC</marc:subfield><marc:subfield code="d">DLC</marc:subfield></marc:datafield><marc:datafield tag="041" ind1="1" ind2=" "><marc:subfield code="a">engmay</marc:subfield><marc:subfield code="h">may</marc:subfield></marc:datafield><marc:datafield tag="043" ind1=" " ind2=" "><marc:subfield code="a">a-my---</marc:subfield></marc:datafield><marc:datafield tag="050" ind1="0" ind2="0"><marc:subfield code="a">PL5139.M777</marc:subfield><marc:subfield code="b">B49 1995</marc:subfield></marc:datafield><marc:datafield tag="082" ind1="0" ind2="0"><marc:subfield code="a">899/.281</marc:subfield><marc:subfield code="2">20</marc:subfield></marc:datafield><marc:datafield tag="100" ind1="0" ind2=" "><marc:subfield code="a">Muhammad Haji Salleh,</marc:subfield><marc:subfield code="d">1942-</marc:subfield></marc:datafield><marc:datafield tag="245" ind1="1" ind2="0"><marc:subfield code="a">Beyond the Archipelago :</marc:subfield><marc:subfield code="b">selected poems /</marc:subfield><marc:subfield code="c">by Muhammad Haji Salleh.</marc:subfield></marc:datafield><marc:datafield tag="260" ind1=" " ind2=" "><marc:subfield code="a">Athens, Ohio :</marc:subfield><marc:subfield code="b">Center for International Studies, Ohio University,</marc:subfield><marc:subfield code="c">c1995.</marc:subfield></marc:datafield><marc:datafield tag="300" ind1=" " ind2=" "><marc:subfield code="a">ix, 243 p. ;</marc:subfield><marc:subfield code="c">22 cm.</marc:subfield></marc:datafield><marc:datafield tag="440" ind1=" " ind2="0"><marc:subfield code="a">Monographs in international studies.</marc:subfield><marc:subfield code="p">Southeast Asia series ;</marc:subfield><marc:subfield code="v">no. 93</marc:subfield></marc:datafield><marc:datafield tag="546" ind1=" " ind2=" "><marc:subfield code="a">English and Malaysian.</marc:subfield></marc:datafield><marc:datafield tag="520" ind1=" " ind2=" "><marc:subfield code="a">Beyond the Archipelago is a selection of poems from one of Malaysia's leading poets, depicting themes of longing, loneliness, modernization, and the poet's love of nature and the sea. The poems are reproduced in the original Bahasa Malaysia with English translations by the poet.</marc:subfield></marc:datafield><marc:datafield tag="505" ind1="0" ind2=" "><marc:subfield code="a">If or and then -- No more the world -- For kasturi -- Distance -- World of debate -- A heap of words -- This is no place for telling the truth -- Welcome home, juita -- All along the way -- In a village -- Rain -- Teller of tales -- Not mine -- Night rain -- On a journey -- Puppeteer ii -- Puppeteer iii -- Shadow play i -- The forest's last day -- Seeds -- Islanders -- A story from guam -- Self-portrait -- England in the spring -- Prisoners of the past -- Among vegetables -- Temporary -- Politician -- The slant of ways -- Travelling far -- Poems from Sejarah Melayu -- This too is my world -- Bay -- Bed -- Standing in oxford street -- The folkhealer -- The boat builder -- Enggang tako -- My companions -- This too is my earth -- From the side of the self -- To the centre -- No eternity -- Transcience -- Farmers -- Rome -- Nothing is ever ended -- The sea's always here -- Firenze -- Sailor -- Point of the blade -- The violin player -- Helsingor -- The travel journal of Si Tenggang II -- Si tenggang's homecoming -- Story -- Return -- How much -- History -- Promises -- Nocturne -- Poems of the outsider -- Decoud -- King lear -- At the harbour -- Undergraduate -- At chairil's grave -- Words.</marc:subfield></marc:datafield><marc:datafield tag="650" ind1=" " ind2="0"><marc:subfield code="a">Malay poetry</marc:subfield><marc:subfield code="y">20th century</marc:subfield><marc:subfield code="v">Translations into English.</marc:subfield></marc:datafield><marc:datafield tag="650" ind1=" " ind2="0"><marc:subfield code="a">Malay poetry</marc:subfield><marc:subfield code="y">20th century.</marc:subfield></marc:datafield><marc:datafield tag="651" ind1=" " ind2="0"><marc:subfield code="a">Malaysia</marc:subfield><marc:subfield code="x">Social life and customs</marc:subfield><marc:subfield code="v">Poetry.</marc:subfield></marc:datafield><marc:datafield tag="651" ind1=" " ind2="0"><marc:subfield code="a">Malaysia</marc:subfield><marc:subfield code="x">Civilization</marc:subfield><marc:subfield code="v">Poetry.</marc:subfield></marc:datafield><marc:datafield tag="035" ind1=" " ind2=" "><marc:subfield code="a">(TxDaGIAL)37741100010371</marc:subfield></marc:datafield><marc:controlfield tag="005">20080624154622.0</marc:controlfield><marc:controlfield tag="001">972</marc:controlfield><marc:controlfield tag="003">TxDaGIAL</marc:controlfield><marc:datafield tag="852" ind1=" " ind2=" "><marc:subfield code="p">37741100010371</marc:subfield><marc:subfield code="a">Library</marc:subfield><marc:subfield code="9">$17.40</marc:subfield><marc:subfield code="x">FUND:Misc</marc:subfield><marc:subfield code="x">COPYID:1142</marc:subfield><marc:subfield code="x">FSC@aRegular@c19960326</marc:subfield><marc:subfield code="h">899.281 M952b 1995</marc:subfield><marc:subfield code="z">B/T 2-96</marc:subfield></marc:datafield></marc:record>