
<marc:record><marc:leader>01495nam a2200313 a 4500</marc:leader>
<marc:controlfield tag="008">930519s1993    txu      b    000 0 eng  </marc:controlfield>
<marc:datafield tag="010" ind1=" " ind2=" "><marc:subfield code="a">   93060646</marc:subfield></marc:datafield><marc:datafield tag="020" ind1=" " ind2=" "><marc:subfield code="a">088312615X</marc:subfield></marc:datafield><marc:datafield tag="040" ind1=" " ind2=" "><marc:subfield code="a">DLC</marc:subfield><marc:subfield code="c">DLC</marc:subfield><marc:subfield code="d">TxDaGIAL</marc:subfield></marc:datafield><marc:datafield tag="043" ind1=" " ind2=" "><marc:subfield code="a">s-pe---</marc:subfield></marc:datafield><marc:datafield tag="050" ind1="0" ind2="0"><marc:subfield code="a">F3429.3.E3</marc:subfield><marc:subfield code="b">T78 1993</marc:subfield></marc:datafield><marc:datafield tag="100" ind1="1" ind2=" "><marc:subfield code="a">Trudell, Barbara.</marc:subfield></marc:datafield><marc:datafield tag="245" ind1="1" ind2="0"><marc:subfield code="a">Beyond the bilingual classroom :</marc:subfield><marc:subfield code="b">literacy acquisition among Peruvian Amazon communities /</marc:subfield><marc:subfield code="c">Barbara Trudell.</marc:subfield></marc:datafield><marc:datafield tag="260" ind1=" " ind2=" "><marc:subfield code="a">Dallas, TX :</marc:subfield><marc:subfield code="b">Summer Institute of Linguistics, University of Texas at Arlington,</marc:subfield><marc:subfield code="c">1993.</marc:subfield></marc:datafield><marc:datafield tag="300" ind1=" " ind2=" "><marc:subfield code="a">x, 162 p. ;</marc:subfield><marc:subfield code="c">23 cm.</marc:subfield></marc:datafield><marc:datafield tag="440" ind1=" " ind2="0"><marc:subfield code="a">Summer Institute of Linguistics and the University of Texas at Arlington publications in linguistics,</marc:subfield><marc:subfield code="x">1040-0850 ;</marc:subfield><marc:subfield code="v">117</marc:subfield></marc:datafield><marc:datafield tag="504" ind1=" " ind2=" "><marc:subfield code="a">Includes bibliographical references (p. 155-162).</marc:subfield></marc:datafield><marc:datafield tag="500" ind1=" " ind2=" "><marc:subfield code="a">Originally presented as the author's thesis (M.A.-University of Texas at Arlington, 1991)</marc:subfield></marc:datafield><marc:datafield tag="650" ind1=" " ind2="0"><marc:subfield code="a">Indians of South America</marc:subfield><marc:subfield code="z">Peru</marc:subfield><marc:subfield code="x">Education.</marc:subfield></marc:datafield><marc:datafield tag="650" ind1=" " ind2="0"><marc:subfield code="a">Education, Bilingual</marc:subfield><marc:subfield code="z">Peru.</marc:subfield></marc:datafield><marc:datafield tag="650" ind1=" " ind2="0"><marc:subfield code="a">Literacy</marc:subfield><marc:subfield code="z">Peru.</marc:subfield></marc:datafield><marc:datafield tag="650" ind1=" " ind2="0"><marc:subfield code="a">Language and culture</marc:subfield><marc:subfield code="z">Peru.</marc:subfield></marc:datafield><marc:datafield tag="035" ind1=" " ind2=" "><marc:subfield code="a">(TxDaGIAL)37741100010004</marc:subfield></marc:datafield><marc:controlfield tag="005">20080624154623.0</marc:controlfield><marc:controlfield tag="001">973</marc:controlfield><marc:controlfield tag="003">TxDaGIAL</marc:controlfield><marc:datafield tag="852" ind1=" " ind2=" "><marc:subfield code="p">37741100010004</marc:subfield><marc:subfield code="a">Library</marc:subfield><marc:subfield code="9">$14.00</marc:subfield><marc:subfield code="x">COPYID:1143</marc:subfield><marc:subfield code="x">FSC@aRegular@c19951208</marc:subfield><marc:subfield code="h">371.970985 T866b 1993</marc:subfield><marc:subfield code="z">IAB 8-93</marc:subfield></marc:datafield><marc:datafield tag="852" ind1=" " ind2=" "><marc:subfield code="p">37741100010005</marc:subfield><marc:subfield code="a">Library</marc:subfield><marc:subfield code="9">$14.00</marc:subfield><marc:subfield code="x">COPYID:1144</marc:subfield><marc:subfield code="x">FSC@aRegular@c19951208</marc:subfield><marc:subfield code="h">371.970985 T866b 1993</marc:subfield><marc:subfield code="z">IAB 11-93</marc:subfield></marc:datafield><marc:datafield tag="852" ind1=" " ind2=" "><marc:subfield code="p">37741100022412</marc:subfield><marc:subfield code="a">Library</marc:subfield><marc:subfield code="9">$0.00</marc:subfield><marc:subfield code="x">COPYID:1145</marc:subfield><marc:subfield code="x">FSC@aRegular@c19980824</marc:subfield><marc:subfield code="h">371.970985 T866b 1993</marc:subfield><marc:subfield code="z">gift Dennis &amp; Susan Malone</marc:subfield></marc:datafield></marc:record>