
<marc:record><marc:leader>00868nam a2200253 i 4500</marc:leader>
<marc:controlfield tag="008">960413s1995    nhu           000 0 eng d</marc:controlfield>
<marc:datafield tag="015" ind1=" " ind2=" "><marc:subfield code="a">GB95-24228</marc:subfield></marc:datafield><marc:datafield tag="020" ind1=" " ind2=" "><marc:subfield code="a">0435909908 :</marc:subfield><marc:subfield code="c">$9.95</marc:subfield></marc:datafield><marc:datafield tag="040" ind1=" " ind2=" "><marc:subfield code="a">Uk</marc:subfield><marc:subfield code="c">Uk</marc:subfield><marc:subfield code="d">DLC</marc:subfield><marc:subfield code="d">TxDaGIAL</marc:subfield></marc:datafield><marc:datafield tag="082" ind1="0" ind2="4"><marc:subfield code="a">823</marc:subfield><marc:subfield code="a">F</marc:subfield><marc:subfield code="2">20</marc:subfield></marc:datafield><marc:datafield tag="100" ind1="1" ind2=" "><marc:subfield code="a">Darko, Amma,</marc:subfield><marc:subfield code="d">1956-</marc:subfield></marc:datafield><marc:datafield tag="245" ind1="1" ind2="0"><marc:subfield code="a">Beyond the horizon /</marc:subfield><marc:subfield code="c">Amma Darko.</marc:subfield></marc:datafield><marc:datafield tag="260" ind1=" " ind2=" "><marc:subfield code="a">Portsmouth, N.H. :</marc:subfield><marc:subfield code="b">Heinemann,</marc:subfield><marc:subfield code="c">1995, c1991.</marc:subfield></marc:datafield><marc:datafield tag="300" ind1=" " ind2=" "><marc:subfield code="a">140 p. ;</marc:subfield><marc:subfield code="c">20 cm.</marc:subfield></marc:datafield><marc:datafield tag="440" ind1=" " ind2="0"><marc:subfield code="a">African writers series</marc:subfield></marc:datafield><marc:datafield tag="500" ind1=" " ind2=" "><marc:subfield code="a">First appeared as a German translation under the title: Der verkaufte Traum.</marc:subfield></marc:datafield><marc:datafield tag="650" ind1=" " ind2="0"><marc:subfield code="a">Women</marc:subfield><marc:subfield code="z">Ghana</marc:subfield><marc:subfield code="v">Fiction.</marc:subfield></marc:datafield><marc:datafield tag="650" ind1=" " ind2="0"><marc:subfield code="a">Ghanaian literature (English)</marc:subfield></marc:datafield><marc:datafield tag="651" ind1=" " ind2="0"><marc:subfield code="a">Ghana</marc:subfield><marc:subfield code="v">Fiction.</marc:subfield></marc:datafield><marc:datafield tag="035" ind1=" " ind2=" "><marc:subfield code="a">(TxDaGIAL)37741100010832</marc:subfield></marc:datafield><marc:controlfield tag="005">20080624154623.0</marc:controlfield><marc:controlfield tag="001">975</marc:controlfield><marc:controlfield tag="003">TxDaGIAL</marc:controlfield><marc:datafield tag="852" ind1=" " ind2=" "><marc:subfield code="p">37741100010832</marc:subfield><marc:subfield code="a">Library</marc:subfield><marc:subfield code="9">$8.66</marc:subfield><marc:subfield code="x">FUND:AL-Ethn</marc:subfield><marc:subfield code="x">COPYID:1147</marc:subfield><marc:subfield code="x">FSC@aRegular@c19960410</marc:subfield><marc:subfield code="h">823 D219b 1991</marc:subfield><marc:subfield code="z">B/T  1-96</marc:subfield></marc:datafield></marc:record>