
<marc:record><marc:leader>00924nam a2200253 i 4500</marc:leader>
<marc:controlfield tag="008">770825s1977    mau      b    00010 eng  </marc:controlfield>
<marc:datafield tag="010" ind1=" " ind2=" "><marc:subfield code="a">   77151651</marc:subfield></marc:datafield><marc:datafield tag="020" ind1=" " ind2=" "><marc:subfield code="c">$5.50</marc:subfield></marc:datafield><marc:datafield tag="040" ind1=" " ind2=" "><marc:subfield code="a">DLC</marc:subfield><marc:subfield code="c">DLC</marc:subfield></marc:datafield><marc:datafield tag="043" ind1=" " ind2=" "><marc:subfield code="a">f-tz---</marc:subfield></marc:datafield><marc:datafield tag="050" ind1="0" ind2=" "><marc:subfield code="a">LA1841</marc:subfield><marc:subfield code="b">.G5</marc:subfield></marc:datafield><marc:datafield tag="082" ind1=" " ind2=" "><marc:subfield code="a">370/.9678</marc:subfield></marc:datafield><marc:datafield tag="100" ind1="1" ind2="0"><marc:subfield code="a">Gillette, Arthur,</marc:subfield><marc:subfield code="d">1938-</marc:subfield></marc:datafield><marc:datafield tag="245" ind1="1" ind2="0"><marc:subfield code="a">Beyond the non-formal fashion :</marc:subfield><marc:subfield code="b">towards educational revolution in Tanzania /</marc:subfield><marc:subfield code="c">Arthur Lavery Gillette.</marc:subfield></marc:datafield><marc:datafield tag="260" ind1="0" ind2=" "><marc:subfield code="a">Amherst :</marc:subfield><marc:subfield code="b">Center for International Education, University of Massachusetts,</marc:subfield><marc:subfield code="c">c1977.</marc:subfield></marc:datafield><marc:datafield tag="300" ind1=" " ind2=" "><marc:subfield code="a">xii, 321 p. ;</marc:subfield><marc:subfield code="c">22 cm.</marc:subfield></marc:datafield><marc:datafield tag="504" ind1=" " ind2=" "><marc:subfield code="a">Bibliography: p. 313-321.</marc:subfield></marc:datafield><marc:datafield tag="650" ind1=" " ind2="0"><marc:subfield code="a">Education</marc:subfield><marc:subfield code="z">Tanzania.</marc:subfield></marc:datafield><marc:datafield tag="035" ind1=" " ind2=" "><marc:subfield code="a">(TxDaGIAL)37741100009629</marc:subfield></marc:datafield><marc:controlfield tag="005">20080624154623.0</marc:controlfield><marc:controlfield tag="001">977</marc:controlfield><marc:controlfield tag="003">TxDaGIAL</marc:controlfield><marc:datafield tag="852" ind1=" " ind2=" "><marc:subfield code="p">37741100009629</marc:subfield><marc:subfield code="a">Library</marc:subfield><marc:subfield code="x">COPYID:1149</marc:subfield><marc:subfield code="x">FSC@aRegular@c19951122</marc:subfield><marc:subfield code="h">370.9678 G479b 1977</marc:subfield><marc:subfield code="z">5611</marc:subfield></marc:datafield><marc:datafield tag="852" ind1=" " ind2=" "><marc:subfield code="p">37741100009630</marc:subfield><marc:subfield code="a">Library</marc:subfield><marc:subfield code="x">COPYID:1150</marc:subfield><marc:subfield code="x">FSC@aRegular@c19951122</marc:subfield><marc:subfield code="h">370.9678 G479b 1977</marc:subfield><marc:subfield code="z">5612</marc:subfield></marc:datafield></marc:record>