
<marc:record><marc:leader>00734 am a2200217 a 4500</marc:leader>
<marc:controlfield tag="008">791101s1967    miu           000 0 eng  </marc:controlfield>
<marc:datafield tag="010" ind1=" " ind2=" "><marc:subfield code="a">   67013980</marc:subfield></marc:datafield><marc:datafield tag="035" ind1=" " ind2=" "><marc:subfield code="a">(CU-UC)dlaisn2110965</marc:subfield></marc:datafield><marc:datafield tag="040" ind1=" " ind2=" "><marc:subfield code="a">DLC</marc:subfield><marc:subfield code="d">TxDaGIAL</marc:subfield></marc:datafield><marc:datafield tag="100" ind1="1" ind2=" "><marc:subfield code="a">Latourette, Kenneth Scott,</marc:subfield><marc:subfield code="d">1884-1968.</marc:subfield></marc:datafield><marc:datafield tag="245" ind1="1" ind2="0"><marc:subfield code="a">Beyond the ranges :</marc:subfield><marc:subfield code="b">an autobiography. /</marc:subfield><marc:subfield code="c">by Kenneth Scott Latourette.</marc:subfield></marc:datafield><marc:datafield tag="260" ind1=" " ind2=" "><marc:subfield code="a">Grand Rapids :</marc:subfield><marc:subfield code="b">Eerdmans,</marc:subfield><marc:subfield code="c">[1967]</marc:subfield></marc:datafield><marc:datafield tag="300" ind1=" " ind2=" "><marc:subfield code="a">161 p.</marc:subfield></marc:datafield><marc:datafield tag="546" ind1=" " ind2=" "><marc:subfield code="a">English.</marc:subfield></marc:datafield><marc:datafield tag="600" ind1="1" ind2="0"><marc:subfield code="a">Latourette, Kenneth Scott,</marc:subfield><marc:subfield code="d">1884-1968.</marc:subfield></marc:datafield><marc:datafield tag="610" ind1="2" ind2="0"><marc:subfield code="a">Yale University.</marc:subfield><marc:subfield code="b">Divinity School.</marc:subfield></marc:datafield><marc:datafield tag="035" ind1=" " ind2=" "><marc:subfield code="a">(TxDaGIAL)37741100015018</marc:subfield></marc:datafield><marc:controlfield tag="005">20080624154624.0</marc:controlfield><marc:controlfield tag="001">978</marc:controlfield><marc:controlfield tag="003">TxDaGIAL</marc:controlfield><marc:datafield tag="852" ind1=" " ind2=" "><marc:subfield code="p">37741100015018</marc:subfield><marc:subfield code="a">Library</marc:subfield><marc:subfield code="9">$3.95</marc:subfield><marc:subfield code="x">COPYID:1151</marc:subfield><marc:subfield code="x">FSC@aRegular@c19970211</marc:subfield><marc:subfield code="h">920 L359b 1967</marc:subfield><marc:subfield code="z">13150</marc:subfield></marc:datafield></marc:record>