
<marc:record><marc:leader>01096nam a2200253 a 4500</marc:leader>
<marc:controlfield tag="008">851206s1985    miua     b    00100 eng c</marc:controlfield>
<marc:datafield tag="010" ind1=" " ind2=" "><marc:subfield code="a">   85673642</marc:subfield></marc:datafield><marc:datafield tag="020" ind1=" " ind2=" "><marc:subfield code="a">0897200632 (pbk.)</marc:subfield></marc:datafield><marc:datafield tag="040" ind1=" " ind2=" "><marc:subfield code="a">MH</marc:subfield><marc:subfield code="c">MH</marc:subfield><marc:subfield code="d">DLC</marc:subfield></marc:datafield><marc:datafield tag="050" ind1="1" ind2=" "><marc:subfield code="a">P302</marc:subfield><marc:subfield code="b">.B49x 1985</marc:subfield></marc:datafield><marc:datafield tag="245" ind1="0" ind2="0"><marc:subfield code="a">Beyond the sentence :</marc:subfield><marc:subfield code="b">discourse and sentential form /</marc:subfield><marc:subfield code="c">edited by Jessica R. Wirth.</marc:subfield></marc:datafield><marc:datafield tag="260" ind1="0" ind2=" "><marc:subfield code="a">Ann Arbor :</marc:subfield><marc:subfield code="b">Karoma,</marc:subfield><marc:subfield code="c">1985.</marc:subfield></marc:datafield><marc:datafield tag="300" ind1=" " ind2=" "><marc:subfield code="a">viii, 114 p. :</marc:subfield><marc:subfield code="b">ill. ;</marc:subfield><marc:subfield code="c">22 cm.</marc:subfield></marc:datafield><marc:datafield tag="500" ind1=" " ind2=" "><marc:subfield code="a">&quot;Papers selected from those presented at a symposium entitled Beyond the sentence, which was held at the University of Wisconsin at Milwaukee in March 1980&quot;--P. vii.</marc:subfield></marc:datafield><marc:datafield tag="504" ind1=" " ind2=" "><marc:subfield code="a">Bibliography: p. 101-105.</marc:subfield></marc:datafield><marc:datafield tag="500" ind1=" " ind2=" "><marc:subfield code="a">Includes index.</marc:subfield></marc:datafield><marc:datafield tag="650" ind1=" " ind2="0"><marc:subfield code="a">Discourse analysis</marc:subfield><marc:subfield code="v">Congresses.</marc:subfield></marc:datafield><marc:datafield tag="700" ind1="1" ind2="0"><marc:subfield code="a">Wirth, Jessica R.</marc:subfield></marc:datafield><marc:datafield tag="035" ind1=" " ind2=" "><marc:subfield code="a">(TxDaGIAL)37741100001830</marc:subfield></marc:datafield><marc:controlfield tag="005">20080624154624.0</marc:controlfield><marc:controlfield tag="001">979</marc:controlfield><marc:controlfield tag="003">TxDaGIAL</marc:controlfield><marc:datafield tag="852" ind1=" " ind2=" "><marc:subfield code="p">37741100001830</marc:subfield><marc:subfield code="a">Library</marc:subfield><marc:subfield code="x">COPYID:1152</marc:subfield><marc:subfield code="x">FSC@aRegular@c19991101</marc:subfield><marc:subfield code="h">401.41 W799b 1985</marc:subfield><marc:subfield code="z">11480</marc:subfield></marc:datafield><marc:datafield tag="852" ind1=" " ind2=" "><marc:subfield code="p">37741100022714</marc:subfield><marc:subfield code="a">Library</marc:subfield><marc:subfield code="b">Robert Longacre Coll</marc:subfield><marc:subfield code="9">$0.00</marc:subfield><marc:subfield code="x">COPYID:1153</marc:subfield><marc:subfield code="x">FSC@aRegular@c19981201</marc:subfield><marc:subfield code="h">401.41 W799b 1985</marc:subfield><marc:subfield code="z">Gift Robert E. Longacre 3-98</marc:subfield></marc:datafield></marc:record>