
<marc:record><marc:leader>01007pam a2200301 a 4500</marc:leader>
<marc:controlfield tag="008">861003s1987    inu      b   s00110 eng  </marc:controlfield>
<marc:datafield tag="010" ind1=" " ind2=" "><marc:subfield code="a">   86046034</marc:subfield></marc:datafield><marc:datafield tag="020" ind1=" " ind2=" "><marc:subfield code="a">0253311624</marc:subfield></marc:datafield><marc:datafield tag="020" ind1=" " ind2=" "><marc:subfield code="a">0253204232 (pbk.)</marc:subfield></marc:datafield><marc:datafield tag="040" ind1=" " ind2=" "><marc:subfield code="a">DLC</marc:subfield><marc:subfield code="c">DLC</marc:subfield></marc:datafield><marc:datafield tag="043" ind1=" " ind2=" "><marc:subfield code="a">f-mr---</marc:subfield></marc:datafield><marc:datafield tag="050" ind1="0" ind2=" "><marc:subfield code="a">HQ1170</marc:subfield><marc:subfield code="b">.M46 1987</marc:subfield></marc:datafield><marc:datafield tag="082" ind1="0" ind2=" "><marc:subfield code="a">305.4/862971</marc:subfield><marc:subfield code="2">19</marc:subfield></marc:datafield><marc:datafield tag="100" ind1="1" ind2="0"><marc:subfield code="a">Mernissi, Fatima.</marc:subfield></marc:datafield><marc:datafield tag="245" ind1="1" ind2="0"><marc:subfield code="a">Beyond the veil :</marc:subfield><marc:subfield code="b">male-female dynamics in modern Muslim society /</marc:subfield><marc:subfield code="c">Fatima Mernissi.</marc:subfield></marc:datafield><marc:datafield tag="250" ind1=" " ind2=" "><marc:subfield code="a">Rev. ed., 1st Midland Book ed.</marc:subfield></marc:datafield><marc:datafield tag="260" ind1="0" ind2=" "><marc:subfield code="a">Bloomington :</marc:subfield><marc:subfield code="b">Indiana University Press,</marc:subfield><marc:subfield code="c">1987.</marc:subfield></marc:datafield><marc:datafield tag="300" ind1=" " ind2=" "><marc:subfield code="a">xxix, 200 p. ;</marc:subfield><marc:subfield code="c">22 cm.</marc:subfield></marc:datafield><marc:datafield tag="500" ind1=" " ind2=" "><marc:subfield code="a">Previous ed.: Cambridge, Mass. : Schenkman Pub. Co., 1975.</marc:subfield></marc:datafield><marc:datafield tag="504" ind1=" " ind2=" "><marc:subfield code="a">Bibliography: p. [179]-196.</marc:subfield></marc:datafield><marc:datafield tag="500" ind1=" " ind2=" "><marc:subfield code="a">Includes index.</marc:subfield></marc:datafield><marc:datafield tag="650" ind1=" " ind2="0"><marc:subfield code="a">Muslim women.</marc:subfield></marc:datafield><marc:datafield tag="650" ind1=" " ind2="0"><marc:subfield code="a">Women</marc:subfield><marc:subfield code="z">Morocco.</marc:subfield></marc:datafield><marc:datafield tag="035" ind1=" " ind2=" "><marc:subfield code="a">(TxDaGIAL)37741100008020</marc:subfield></marc:datafield><marc:controlfield tag="005">20080624154625.0</marc:controlfield><marc:controlfield tag="001">981</marc:controlfield><marc:controlfield tag="003">TxDaGIAL</marc:controlfield><marc:datafield tag="852" ind1=" " ind2=" "><marc:subfield code="p">37741100008020</marc:subfield><marc:subfield code="a">Library</marc:subfield><marc:subfield code="9">$7.95</marc:subfield><marc:subfield code="x">COPYID:1155</marc:subfield><marc:subfield code="x">FSC@aRegular@c19950914</marc:subfield><marc:subfield code="h">305.4862971 M566b 1987</marc:subfield><marc:subfield code="z">B/T 7-90</marc:subfield></marc:datafield></marc:record>