
<marc:record><marc:leader>00792pam a2200241 a 4500</marc:leader>
<marc:controlfield tag="008">830830s1984    ilu      b   s00110 eng  </marc:controlfield>
<marc:datafield tag="010" ind1=" " ind2=" "><marc:subfield code="a">   83017935</marc:subfield></marc:datafield><marc:datafield tag="020" ind1=" " ind2=" "><marc:subfield code="a">025201104X</marc:subfield></marc:datafield><marc:datafield tag="050" ind1="0" ind2=" "><marc:subfield code="a">QB32</marc:subfield><marc:subfield code="b">.B38 1984</marc:subfield></marc:datafield><marc:datafield tag="082" ind1="0" ind2=" "><marc:subfield code="a">521/.54</marc:subfield><marc:subfield code="2">19</marc:subfield></marc:datafield><marc:datafield tag="100" ind1="1" ind2="0"><marc:subfield code="a">Bauer, Henry H.</marc:subfield></marc:datafield><marc:datafield tag="245" ind1="1" ind2="0"><marc:subfield code="a">Beyond Velikovsky :</marc:subfield><marc:subfield code="b">the history of a public controversy /</marc:subfield><marc:subfield code="c">Henry H. Bauer.</marc:subfield></marc:datafield><marc:datafield tag="260" ind1="0" ind2=" "><marc:subfield code="a">Urbana :</marc:subfield><marc:subfield code="b">University of Illinois Press,</marc:subfield><marc:subfield code="c">c1984.</marc:subfield></marc:datafield><marc:datafield tag="300" ind1=" " ind2=" "><marc:subfield code="a">xiii, 354 p. ;</marc:subfield><marc:subfield code="c">24 cm.</marc:subfield></marc:datafield><marc:datafield tag="504" ind1=" " ind2=" "><marc:subfield code="a">Bibliography: p. 323-345.</marc:subfield></marc:datafield><marc:datafield tag="500" ind1=" " ind2=" "><marc:subfield code="a">Includes index.</marc:subfield></marc:datafield><marc:datafield tag="650" ind1=" " ind2="0"><marc:subfield code="a">Astronomy</marc:subfield><marc:subfield code="x">History.</marc:subfield></marc:datafield><marc:datafield tag="600" ind1="1" ind2="0"><marc:subfield code="a">Velikovsky, Immanuel,</marc:subfield><marc:subfield code="d">1895-</marc:subfield></marc:datafield><marc:datafield tag="035" ind1=" " ind2=" "><marc:subfield code="a">(TxDaGIAL)37741100003914</marc:subfield></marc:datafield><marc:controlfield tag="005">20080624154625.0</marc:controlfield><marc:controlfield tag="001">982</marc:controlfield><marc:controlfield tag="003">TxDaGIAL</marc:controlfield><marc:datafield tag="852" ind1=" " ind2=" "><marc:subfield code="p">37741100003914</marc:subfield><marc:subfield code="a">Library</marc:subfield><marc:subfield code="9">$29.95</marc:subfield><marc:subfield code="x">COPYID:1156</marc:subfield><marc:subfield code="x">FSC@aRegular@c19950502</marc:subfield><marc:subfield code="h">523.1 B344b 1984</marc:subfield><marc:subfield code="z">2-95</marc:subfield></marc:datafield></marc:record>