
<marc:record><marc:leader>01237nam a2200325 a 4500</marc:leader>
<marc:controlfield tag="008">890127s1987    ja a     b    00110 eng  </marc:controlfield>
<marc:datafield tag="010" ind1=" " ind2=" "><marc:subfield code="a">   88131957</marc:subfield></marc:datafield><marc:datafield tag="040" ind1=" " ind2=" "><marc:subfield code="a">DLC</marc:subfield><marc:subfield code="c">DLC</marc:subfield><marc:subfield code="d">TxDaGIAL</marc:subfield></marc:datafield><marc:datafield tag="043" ind1=" " ind2=" "><marc:subfield code="a">a-bt---</marc:subfield></marc:datafield><marc:datafield tag="050" ind1="0" ind2=" "><marc:subfield code="a">HC440.25</marc:subfield><marc:subfield code="b">.K37 1987</marc:subfield></marc:datafield><marc:datafield tag="082" ind1="0" ind2=" "><marc:subfield code="a">338.9549/8</marc:subfield><marc:subfield code="2">19</marc:subfield></marc:datafield><marc:datafield tag="100" ind1="1" ind2="0"><marc:subfield code="a">Karan, Pradyumna P.</marc:subfield><marc:subfield code="q">(Pradyumna Prasad)</marc:subfield></marc:datafield><marc:datafield tag="245" ind1="1" ind2="0"><marc:subfield code="a">Bhutan :</marc:subfield><marc:subfield code="b">development amid environmental and cultural preservation /</marc:subfield><marc:subfield code="c">Pradyumna P. Karan, with collaboration of Shigeru Iijima ; cartography by Gyula Pauer.</marc:subfield></marc:datafield><marc:datafield tag="260" ind1="0" ind2=" "><marc:subfield code="a">Tokyo, Japan :</marc:subfield><marc:subfield code="b">Institute for the Study of Languages and Cultures of Asia and Africa,</marc:subfield><marc:subfield code="c">1987.</marc:subfield></marc:datafield><marc:datafield tag="300" ind1=" " ind2=" "><marc:subfield code="a">v, 155 p. :</marc:subfield><marc:subfield code="b">ill. ;</marc:subfield><marc:subfield code="c">25 cm.</marc:subfield></marc:datafield><marc:datafield tag="440" ind1=" " ind2="0"><marc:subfield code="a">Monumenta Serindica ;</marc:subfield><marc:subfield code="v">no. 17</marc:subfield></marc:datafield><marc:datafield tag="500" ind1=" " ind2=" "><marc:subfield code="a">One folded col. map in pocket.</marc:subfield></marc:datafield><marc:datafield tag="504" ind1=" " ind2=" "><marc:subfield code="a">Bibliography: p. 151-153.</marc:subfield></marc:datafield><marc:datafield tag="500" ind1=" " ind2=" "><marc:subfield code="a">Includes index.</marc:subfield></marc:datafield><marc:datafield tag="651" ind1=" " ind2="0"><marc:subfield code="a">Bhutan</marc:subfield><marc:subfield code="x">Economic conditions.</marc:subfield></marc:datafield><marc:datafield tag="651" ind1=" " ind2="0"><marc:subfield code="a">Bhutan</marc:subfield><marc:subfield code="x">Economic policy.</marc:subfield></marc:datafield><marc:datafield tag="650" ind1=" " ind2="0"><marc:subfield code="a">Environmental policy</marc:subfield><marc:subfield code="z">Bhutan.</marc:subfield></marc:datafield><marc:datafield tag="651" ind1=" " ind2="0"><marc:subfield code="a">Bhutan</marc:subfield><marc:subfield code="x">Cultural policy.</marc:subfield></marc:datafield><marc:datafield tag="700" ind1="1" ind2="0"><marc:subfield code="a">Iijima, Shigeru,</marc:subfield><marc:subfield code="d">1932-</marc:subfield></marc:datafield><marc:datafield tag="700" ind1="1" ind2="0"><marc:subfield code="a">Pauer, Gyula.</marc:subfield></marc:datafield><marc:datafield tag="035" ind1=" " ind2=" "><marc:subfield code="a">(TxDaGIAL)37741100007788</marc:subfield></marc:datafield><marc:controlfield tag="005">20080624154625.0</marc:controlfield><marc:controlfield tag="001">984</marc:controlfield><marc:controlfield tag="003">TxDaGIAL</marc:controlfield><marc:datafield tag="852" ind1=" " ind2=" "><marc:subfield code="p">37741100007788</marc:subfield><marc:subfield code="a">Library</marc:subfield><marc:subfield code="x">COPYID:1158</marc:subfield><marc:subfield code="x">FSC@aRegular@c19950906</marc:subfield><marc:subfield code="h">338.95498 K18b 1987</marc:subfield><marc:subfield code="z">13103</marc:subfield></marc:datafield></marc:record>