
<marc:record><marc:leader>00766nam a22001817a 4500</marc:leader>
<marc:controlfield tag="008">970509s1962    gw            000 0 ger d</marc:controlfield>
<marc:datafield tag="040" ind1=" " ind2=" "><marc:subfield code="a">TxDaGIAL</marc:subfield><marc:subfield code="c">TxDaGIAL</marc:subfield></marc:datafield><marc:datafield tag="041" ind1="0" ind2=" "><marc:subfield code="a">ger</marc:subfield></marc:datafield><marc:datafield tag="130" ind1="0" ind2=" "><marc:subfield code="a">Bible.</marc:subfield><marc:subfield code="l">German.</marc:subfield><marc:subfield code="s">Luther.</marc:subfield><marc:subfield code="f">1912.</marc:subfield></marc:datafield><marc:datafield tag="245" ind1="1" ind2="4"><marc:subfield code="a">Die Bibel oder die ganze Heilige Schrift :</marc:subfield><marc:subfield code="b">des Alten und Neuen testaments nach der duetschen bersetzung Martin Luthers.</marc:subfield></marc:datafield><marc:datafield tag="260" ind1=" " ind2=" "><marc:subfield code="a">Stuttgart :</marc:subfield><marc:subfield code="b">Wrttembergische bibelantstalt,</marc:subfield><marc:subfield code="c">1962.</marc:subfield></marc:datafield><marc:datafield tag="300" ind1=" " ind2=" "><marc:subfield code="a">896, 128, 297, 54 p. ;</marc:subfield><marc:subfield code="c">24 cm.</marc:subfield></marc:datafield><marc:datafield tag="505" ind1="0" ind2=" "><marc:subfield code="a">Das alte testament -- Die apokryphen -- Das neue testament.</marc:subfield></marc:datafield><marc:datafield tag="035" ind1=" " ind2=" "><marc:subfield code="a">(TxDaGIAL)37741100017544</marc:subfield></marc:datafield><marc:controlfield tag="005">20080624154625.0</marc:controlfield><marc:controlfield tag="001">985</marc:controlfield><marc:controlfield tag="003">TxDaGIAL</marc:controlfield><marc:datafield tag="852" ind1=" " ind2=" "><marc:subfield code="p">37741100017544</marc:subfield><marc:subfield code="a">Library</marc:subfield><marc:subfield code="b">Kenneth L. Pike Coll</marc:subfield><marc:subfield code="9">$0.00</marc:subfield><marc:subfield code="x">COPYID:1159</marc:subfield><marc:subfield code="x">FSC@aRegular@c19970509</marc:subfield><marc:subfield code="h">220.53 B582g 1962</marc:subfield><marc:subfield code="z">K.L. Pike gift 5-97</marc:subfield></marc:datafield></marc:record>