
<marc:record><marc:leader>00689nam a22001937a 4500</marc:leader>
<marc:controlfield tag="008">970521s1957    enkab         000 0 yor d</marc:controlfield>
<marc:datafield tag="040" ind1=" " ind2=" "><marc:subfield code="a">TxDaSIL</marc:subfield><marc:subfield code="c">TxDaSIL</marc:subfield></marc:datafield><marc:datafield tag="041" ind1="0" ind2=" "><marc:subfield code="a">yor</marc:subfield></marc:datafield><marc:datafield tag="130" ind1="0" ind2=" "><marc:subfield code="a">Bible.</marc:subfield><marc:subfield code="l">Yoruba.</marc:subfield><marc:subfield code="f">1957.</marc:subfield></marc:datafield><marc:datafield tag="245" ind1="1" ind2="0"><marc:subfield code="a">Bibeli mimo tabi majemu lailai ati titun.</marc:subfield></marc:datafield><marc:datafield tag="260" ind1=" " ind2=" "><marc:subfield code="a">London :</marc:subfield><marc:subfield code="b">The British and Foreign Bible Society,</marc:subfield><marc:subfield code="c">1957.</marc:subfield></marc:datafield><marc:datafield tag="300" ind1=" " ind2=" "><marc:subfield code="a">724, 244 p. ;</marc:subfield><marc:subfield code="c">19 cm.</marc:subfield></marc:datafield><marc:datafield tag="500" ind1=" " ind2=" "><marc:subfield code="a">Old Testament, Reprinted from the Edition of 1909, New Testament, Revised, 1930.</marc:subfield></marc:datafield><marc:datafield tag="035" ind1=" " ind2=" "><marc:subfield code="a">(TxDaGIAL)37741100017884</marc:subfield></marc:datafield><marc:datafield tag="590" ind1=" " ind2=" "><marc:subfield code="l">yor</marc:subfield><marc:subfield code="2">ISO 639-3</marc:subfield></marc:datafield><marc:controlfield tag="005">20081217192420.0</marc:controlfield><marc:controlfield tag="001">986</marc:controlfield><marc:controlfield tag="003">TxDaGIAL</marc:controlfield><marc:datafield tag="852" ind1=" " ind2=" "><marc:subfield code="p">37741100017884</marc:subfield><marc:subfield code="a">Library</marc:subfield><marc:subfield code="9">$0.00</marc:subfield><marc:subfield code="x">COPYID:1160</marc:subfield><marc:subfield code="x">FSC@aRegular@c19970521</marc:subfield><marc:subfield code="h">220.59633 Y65 1957</marc:subfield><marc:subfield code="z">gift 1991</marc:subfield></marc:datafield></marc:record>