
<marc:record><marc:leader>00672nam a22001817a 4500</marc:leader>
<marc:controlfield tag="008">970517s1988    fr b          000 0 fre d</marc:controlfield>
<marc:datafield tag="020" ind1=" " ind2=" "><marc:subfield code="a">2853001008</marc:subfield></marc:datafield><marc:datafield tag="040" ind1=" " ind2=" "><marc:subfield code="a">TxDaGIAL</marc:subfield><marc:subfield code="c">TxDaGIAL</marc:subfield></marc:datafield><marc:datafield tag="041" ind1="0" ind2=" "><marc:subfield code="a">fre</marc:subfield></marc:datafield><marc:datafield tag="130" ind1="0" ind2=" "><marc:subfield code="a">Bible.</marc:subfield><marc:subfield code="l">French.</marc:subfield><marc:subfield code="s">Courant.</marc:subfield><marc:subfield code="f">1988.</marc:subfield></marc:datafield><marc:datafield tag="245" ind1="1" ind2="3"><marc:subfield code="a">La Bible, ancien et nouveau testament :</marc:subfield><marc:subfield code="b">traduite de l'hbreu et du grec en franais courant.</marc:subfield></marc:datafield><marc:datafield tag="260" ind1=" " ind2=" "><marc:subfield code="a">Pierrefitte :</marc:subfield><marc:subfield code="b">Alliance Biblique Universelle,</marc:subfield><marc:subfield code="c">1988.</marc:subfield></marc:datafield><marc:datafield tag="300" ind1=" " ind2=" "><marc:subfield code="a">xviii, 1237, 400 p. :</marc:subfield><marc:subfield code="b">maps ;</marc:subfield><marc:subfield code="c">18 cm.</marc:subfield></marc:datafield><marc:datafield tag="035" ind1=" " ind2=" "><marc:subfield code="a">(TxDaGIAL)37741100017763</marc:subfield></marc:datafield><marc:controlfield tag="005">20080624154626.0</marc:controlfield><marc:controlfield tag="001">987</marc:controlfield><marc:controlfield tag="003">TxDaGIAL</marc:controlfield><marc:datafield tag="852" ind1=" " ind2=" "><marc:subfield code="p">37741100017763</marc:subfield><marc:subfield code="a">Library</marc:subfield><marc:subfield code="9">$0.00</marc:subfield><marc:subfield code="x">COPYID:1161</marc:subfield><marc:subfield code="x">FSC@aRegular@c19970521</marc:subfield><marc:subfield code="h">220.541 F873c 1988</marc:subfield><marc:subfield code="z">F. Cotten gift</marc:subfield></marc:datafield></marc:record>