
<marc:record><marc:leader>00774nam a2200193Ia 4500</marc:leader>
<marc:controlfield tag="008">880129c19901982fr b          00010 fre d</marc:controlfield>
<marc:datafield tag="040" ind1=" " ind2=" "><marc:subfield code="a">NDD</marc:subfield><marc:subfield code="c">NDD</marc:subfield><marc:subfield code="d">TxDaGIAL</marc:subfield></marc:datafield><marc:datafield tag="041" ind1="1" ind2=" "><marc:subfield code="a">fre</marc:subfield><marc:subfield code="h">hebgrc</marc:subfield></marc:datafield><marc:datafield tag="130" ind1="0" ind2="0"><marc:subfield code="a">Bible.</marc:subfield><marc:subfield code="l">French.</marc:subfield><marc:subfield code="s">Courant.</marc:subfield><marc:subfield code="f">1990.</marc:subfield></marc:datafield><marc:datafield tag="245" ind1="1" ind2="3"><marc:subfield code="a">La Bible, Ancien et Nouveau Testament :</marc:subfield><marc:subfield code="b">traduite de l'hbreu et du grec, en franais courant.</marc:subfield></marc:datafield><marc:datafield tag="260" ind1="0" ind2=" "><marc:subfield code="a">Pierrefitte :</marc:subfield><marc:subfield code="b">Alliance Biblique Universelle,</marc:subfield><marc:subfield code="c">1990, c1982.</marc:subfield></marc:datafield><marc:datafield tag="300" ind1=" " ind2=" "><marc:subfield code="a">xviii, 1237, 400 p., [3] p. of plates :</marc:subfield><marc:subfield code="b">maps ;</marc:subfield><marc:subfield code="c">19 cm.</marc:subfield></marc:datafield><marc:datafield tag="500" ind1=" " ind2=" "><marc:subfield code="a">Half title: La Sainte Bible.</marc:subfield></marc:datafield><marc:datafield tag="500" ind1=" " ind2=" "><marc:subfield code="a">Col. maps on lining papers.</marc:subfield></marc:datafield><marc:datafield tag="035" ind1=" " ind2=" "><marc:subfield code="a">(TxDaGIAL)37741100020751</marc:subfield></marc:datafield><marc:controlfield tag="005">20080624154626.0</marc:controlfield><marc:controlfield tag="001">988</marc:controlfield><marc:controlfield tag="003">TxDaGIAL</marc:controlfield><marc:datafield tag="852" ind1=" " ind2=" "><marc:subfield code="p">37741100020751</marc:subfield><marc:subfield code="a">Library</marc:subfield><marc:subfield code="x">COPYID:1162</marc:subfield><marc:subfield code="x">FSC@aRegular@c19971003</marc:subfield><marc:subfield code="h">220.541 F873c 1990</marc:subfield><marc:subfield code="z">Translators Work Place gift</marc:subfield></marc:datafield></marc:record>