
<marc:record><marc:leader>01118cam a2200289ua 4500</marc:leader>
<marc:controlfield tag="008">900906s1953    miua          00010 eng d</marc:controlfield>
<marc:datafield tag="020" ind1=" " ind2=" "><marc:subfield code="a">0801005035</marc:subfield></marc:datafield><marc:datafield tag="040" ind1=" " ind2=" "><marc:subfield code="a">TxDaGIAL</marc:subfield><marc:subfield code="c">TxDaGIAL</marc:subfield></marc:datafield><marc:datafield tag="245" ind1="0" ind2="4"><marc:subfield code="a">The Bible commentary :</marc:subfield><marc:subfield code="b">Exodus-Ruth /</marc:subfield><marc:subfield code="c">F.C. Cook, editor; abridged and edited by J.M. Fuller.</marc:subfield></marc:datafield><marc:datafield tag="260" ind1="0" ind2=" "><marc:subfield code="a">Grand Rapids, Mich :</marc:subfield><marc:subfield code="b">Baker Book House,</marc:subfield><marc:subfield code="c">1953.</marc:subfield></marc:datafield><marc:datafield tag="300" ind1=" " ind2=" "><marc:subfield code="a">479 p. ;</marc:subfield><marc:subfield code="c">23 cm.</marc:subfield></marc:datafield><marc:datafield tag="546" ind1=" " ind2=" "><marc:subfield code="a">English.</marc:subfield></marc:datafield><marc:datafield tag="500" ind1=" " ind2=" "><marc:subfield code="a">Spine title: Bible commentary on the Old Testament.</marc:subfield></marc:datafield><marc:datafield tag="630" ind1="0" ind2="0"><marc:subfield code="a">Bible.</marc:subfield><marc:subfield code="p">O.T.</marc:subfield><marc:subfield code="p">Exodus</marc:subfield><marc:subfield code="v">Commentaries.</marc:subfield></marc:datafield><marc:datafield tag="630" ind1="0" ind2="0"><marc:subfield code="a">Bible.</marc:subfield><marc:subfield code="p">O.T.</marc:subfield><marc:subfield code="p">Leviticus</marc:subfield><marc:subfield code="v">Commentaries.</marc:subfield></marc:datafield><marc:datafield tag="630" ind1="0" ind2="0"><marc:subfield code="a">Bible.</marc:subfield><marc:subfield code="p">O.T.</marc:subfield><marc:subfield code="p">Numbers</marc:subfield><marc:subfield code="v">Commentaries.</marc:subfield></marc:datafield><marc:datafield tag="630" ind1="0" ind2="0"><marc:subfield code="a">Bible.</marc:subfield><marc:subfield code="p">O.T.</marc:subfield><marc:subfield code="p">Deuteronomy</marc:subfield><marc:subfield code="v">Commentaries.</marc:subfield></marc:datafield><marc:datafield tag="630" ind1="0" ind2="0"><marc:subfield code="a">Bible.</marc:subfield><marc:subfield code="p">O.T.</marc:subfield><marc:subfield code="p">Joshua</marc:subfield><marc:subfield code="v">Commentaries.</marc:subfield></marc:datafield><marc:datafield tag="630" ind1="0" ind2="0"><marc:subfield code="a">Bible.</marc:subfield><marc:subfield code="p">O.T.</marc:subfield><marc:subfield code="p">Judges</marc:subfield><marc:subfield code="v">Commentaries.</marc:subfield></marc:datafield><marc:datafield tag="630" ind1="0" ind2="0"><marc:subfield code="a">Bible.</marc:subfield><marc:subfield code="p">O.T.</marc:subfield><marc:subfield code="p">Ruth</marc:subfield><marc:subfield code="v">Commentaries.</marc:subfield></marc:datafield><marc:datafield tag="700" ind1="1" ind2="0"><marc:subfield code="a">Cook, Frederick Charles.</marc:subfield></marc:datafield><marc:datafield tag="700" ind1="1" ind2="0"><marc:subfield code="a">Fuller, J. M.</marc:subfield><marc:subfield code="q">(John Mee),</marc:subfield><marc:subfield code="d">1834-1893.</marc:subfield></marc:datafield><marc:datafield tag="035" ind1=" " ind2=" "><marc:subfield code="a">(TxDaGIAL)37741100021658</marc:subfield></marc:datafield><marc:controlfield tag="005">20080624154626.0</marc:controlfield><marc:controlfield tag="001">990</marc:controlfield><marc:controlfield tag="003">TxDaGIAL</marc:controlfield><marc:datafield tag="852" ind1=" " ind2=" "><marc:subfield code="p">37741100021658</marc:subfield><marc:subfield code="a">Library</marc:subfield><marc:subfield code="x">COPYID:1164</marc:subfield><marc:subfield code="x">FSC@aRegular@c19971104</marc:subfield><marc:subfield code="h">222.12077 B582c 1953</marc:subfield><marc:subfield code="z">362</marc:subfield></marc:datafield></marc:record>