
<marc:record><marc:leader>00902cam a2200253 a 4500</marc:leader>
<marc:controlfield tag="008">921223s1993    tnu           000 0 eng  </marc:controlfield>
<marc:datafield tag="010" ind1=" " ind2=" "><marc:subfield code="a">   92047033 //r93</marc:subfield></marc:datafield><marc:datafield tag="020" ind1=" " ind2=" "><marc:subfield code="a">0840769075 :</marc:subfield><marc:subfield code="c">$7.99</marc:subfield></marc:datafield><marc:datafield tag="040" ind1=" " ind2=" "><marc:subfield code="a">DLC</marc:subfield><marc:subfield code="c">DLC</marc:subfield><marc:subfield code="d">DLC</marc:subfield></marc:datafield><marc:datafield tag="050" ind1="0" ind2="0"><marc:subfield code="a">BS425.</marc:subfield><marc:subfield code="b">Y749 1993</marc:subfield></marc:datafield><marc:datafield tag="082" ind1="0" ind2="0"><marc:subfield code="a">220.5/208</marc:subfield><marc:subfield code="2">20</marc:subfield></marc:datafield><marc:datafield tag="100" ind1="1" ind2=" "><marc:subfield code="a">Youngblood, Ronald F.</marc:subfield></marc:datafield><marc:datafield tag="245" ind1="1" ind2="0"><marc:subfield code="a">Bible concordance /</marc:subfield><marc:subfield code="c">Ronald F. Youngblood.</marc:subfield></marc:datafield><marc:datafield tag="260" ind1=" " ind2=" "><marc:subfield code="a">Nashville :</marc:subfield><marc:subfield code="b">T. Nelson,</marc:subfield><marc:subfield code="c">c1993.</marc:subfield></marc:datafield><marc:datafield tag="300" ind1=" " ind2=" "><marc:subfield code="a">408 p. ;</marc:subfield><marc:subfield code="c">15 cm.</marc:subfield></marc:datafield><marc:datafield tag="440" ind1=" " ind2="0"><marc:subfield code="a">Nelson's Quick reference</marc:subfield></marc:datafield><marc:datafield tag="500" ind1=" " ind2=" "><marc:subfield code="a">Abridged ed. of: New compact key reference concordance. c1992.</marc:subfield></marc:datafield><marc:datafield tag="630" ind1="0" ind2="0"><marc:subfield code="a">Bible</marc:subfield><marc:subfield code="v">Concordances, English</marc:subfield><marc:subfield code="x">New King James.</marc:subfield></marc:datafield><marc:datafield tag="700" ind1="1" ind2="1"><marc:subfield code="a">Youngblood, Ronald F.</marc:subfield><marc:subfield code="t">New compact key reference concordance.</marc:subfield></marc:datafield><marc:datafield tag="035" ind1=" " ind2=" "><marc:subfield code="a">(TxDaGIAL)37741100001553</marc:subfield></marc:datafield><marc:controlfield tag="005">20080624154627.0</marc:controlfield><marc:controlfield tag="001">992</marc:controlfield><marc:controlfield tag="003">TxDaGIAL</marc:controlfield><marc:datafield tag="852" ind1=" " ind2=" "><marc:subfield code="p">37741100001553</marc:subfield><marc:subfield code="a">Library</marc:subfield><marc:subfield code="x">COPYID:1166</marc:subfield><marc:subfield code="x">FSC@aRegular@c19950214</marc:subfield><marc:subfield code="h">220.52033 Y78b 1993</marc:subfield><marc:subfield code="z">B/T 2-94 $6.95</marc:subfield></marc:datafield></marc:record>