
<marc:record><marc:leader>01034cam a2200181 a 4500</marc:leader>
<marc:controlfield tag="008">950216t19711952ny b          000 0 eng d</marc:controlfield>
<marc:datafield tag="040" ind1=" " ind2=" "><marc:subfield code="c">TxDaGIAL</marc:subfield><marc:subfield code="d">TxDaGIAL</marc:subfield></marc:datafield><marc:datafield tag="130" ind1="0" ind2=" "><marc:subfield code="a">Bible.</marc:subfield><marc:subfield code="l">English.</marc:subfield><marc:subfield code="s">Revised Standard Version.</marc:subfield><marc:subfield code="f">1971.</marc:subfield></marc:datafield><marc:datafield tag="245" ind1="1" ind2="4"><marc:subfield code="a">The Bible :</marc:subfield><marc:subfield code="b">containing the Old and New Testaments; Revised Standard Version; translated from the original languages, being the version set forth A.D. 1611, revised A.D. 1881-1885 and A.D. 1901, compared with the most ancient authorities and revised A.D. 1952, second edition of the New Testament A.D. 1971.</marc:subfield></marc:datafield><marc:datafield tag="250" ind1=" " ind2=" "><marc:subfield code="a">2nd ed., New Testament.</marc:subfield></marc:datafield><marc:datafield tag="260" ind1=" " ind2=" "><marc:subfield code="a">New York :</marc:subfield><marc:subfield code="b">American Bible Society,</marc:subfield><marc:subfield code="c">c1971, c1952.</marc:subfield></marc:datafield><marc:datafield tag="300" ind1=" " ind2=" "><marc:subfield code="a">x, 1087 p. :</marc:subfield><marc:subfield code="b">col. maps on endpapers ;</marc:subfield><marc:subfield code="c">21 cm.</marc:subfield></marc:datafield><marc:datafield tag="035" ind1=" " ind2=" "><marc:subfield code="a">(TxDaGIAL)37741100001581</marc:subfield></marc:datafield><marc:controlfield tag="005">20080624154627.0</marc:controlfield><marc:controlfield tag="001">993</marc:controlfield><marc:controlfield tag="003">TxDaGIAL</marc:controlfield><marc:datafield tag="852" ind1=" " ind2=" "><marc:subfield code="p">37741100001581</marc:subfield><marc:subfield code="a">Library</marc:subfield><marc:subfield code="b">John Beekman Tran Li</marc:subfield><marc:subfield code="x">COPYID:1167</marc:subfield><marc:subfield code="x">FSC@aRegular@c19950216</marc:subfield><marc:subfield code="h">220.52042 B582 1971</marc:subfield><marc:subfield code="z">7253</marc:subfield></marc:datafield><marc:datafield tag="852" ind1=" " ind2=" "><marc:subfield code="p">37741100022359</marc:subfield><marc:subfield code="a">Library</marc:subfield><marc:subfield code="b">John Beekman Tran Li</marc:subfield><marc:subfield code="x">COPYID:1168</marc:subfield><marc:subfield code="x">FSC@aRegular@c19980619</marc:subfield><marc:subfield code="h">220.52042 B582 1971</marc:subfield><marc:subfield code="z">7254</marc:subfield></marc:datafield></marc:record>