
<marc:record><marc:leader>00597nam a22001691  4500</marc:leader>
<marc:controlfield tag="008">950214s1982    xxu           000 0 eng d</marc:controlfield>
<marc:datafield tag="020" ind1=" " ind2=" "><marc:subfield code="a">0521506549 :</marc:subfield><marc:subfield code="c">$10.95</marc:subfield></marc:datafield><marc:datafield tag="040" ind1=" " ind2=" "><marc:subfield code="c">TxDaGIAL</marc:subfield><marc:subfield code="d">TxDaGIAL</marc:subfield></marc:datafield><marc:datafield tag="130" ind1="0" ind2=" "><marc:subfield code="a">Bible.</marc:subfield><marc:subfield code="l">English (Basic English).</marc:subfield><marc:subfield code="s">Basic English.</marc:subfield><marc:subfield code="f">1949.</marc:subfield></marc:datafield><marc:datafield tag="245" ind1="1" ind2="4"><marc:subfield code="a">The Bible in Basic English.</marc:subfield></marc:datafield><marc:datafield tag="260" ind1=" " ind2=" "><marc:subfield code="a">New York :</marc:subfield><marc:subfield code="b">Cambridge University Press,</marc:subfield><marc:subfield code="c">1982.</marc:subfield></marc:datafield><marc:datafield tag="300" ind1=" " ind2=" "><marc:subfield code="a">1121 p. ;</marc:subfield><marc:subfield code="c">21 cm.</marc:subfield></marc:datafield><marc:datafield tag="035" ind1=" " ind2=" "><marc:subfield code="a">(TxDaGIAL)37741100001573</marc:subfield></marc:datafield><marc:controlfield tag="005">20080624154627.0</marc:controlfield><marc:controlfield tag="001">994</marc:controlfield><marc:controlfield tag="003">TxDaGIAL</marc:controlfield><marc:datafield tag="852" ind1=" " ind2=" "><marc:subfield code="p">37741100001573</marc:subfield><marc:subfield code="a">Library</marc:subfield><marc:subfield code="b">John Beekman Tran Li</marc:subfield><marc:subfield code="x">COPYID:1169</marc:subfield><marc:subfield code="x">FSC@aRegular@c19950214</marc:subfield><marc:subfield code="h">220.5208 B311b 1982</marc:subfield><marc:subfield code="z">8979</marc:subfield></marc:datafield></marc:record>