
<marc:record><marc:leader>00863cam a2200253 i 4500</marc:leader>
<marc:controlfield tag="008">790213s1979    miu      b    00110 eng  </marc:controlfield>
<marc:datafield tag="010" ind1=" " ind2=" "><marc:subfield code="a">   79004350</marc:subfield></marc:datafield><marc:datafield tag="020" ind1=" " ind2=" "><marc:subfield code="a">031027690X</marc:subfield></marc:datafield><marc:datafield tag="040" ind1=" " ind2=" "><marc:subfield code="a">DLC</marc:subfield><marc:subfield code="c">DLC</marc:subfield><marc:subfield code="d">DLC</marc:subfield></marc:datafield><marc:datafield tag="050" ind1="0" ind2="0"><marc:subfield code="a">BS480.L553</marc:subfield><marc:subfield code="b">L56</marc:subfield></marc:datafield><marc:datafield tag="082" ind1="0" ind2="0"><marc:subfield code="a">220.1/3</marc:subfield></marc:datafield><marc:datafield tag="100" ind1="1" ind2="0"><marc:subfield code="a">Lindsell, Harold,</marc:subfield><marc:subfield code="d">1913-</marc:subfield></marc:datafield><marc:datafield tag="245" ind1="1" ind2="4"><marc:subfield code="a">The Bible in the balance /</marc:subfield><marc:subfield code="c">Harold Lindsell.</marc:subfield></marc:datafield><marc:datafield tag="260" ind1="0" ind2=" "><marc:subfield code="a">Grand Rapids :</marc:subfield><marc:subfield code="b">Zondervan Pub. House,</marc:subfield><marc:subfield code="c">c1979.</marc:subfield></marc:datafield><marc:datafield tag="300" ind1=" " ind2=" "><marc:subfield code="a">384 p. ;</marc:subfield><marc:subfield code="c">22 cm.</marc:subfield></marc:datafield><marc:datafield tag="504" ind1=" " ind2=" "><marc:subfield code="a">Includes bibliographical references and index.</marc:subfield></marc:datafield><marc:datafield tag="600" ind1="1" ind2="0"><marc:subfield code="a">Lindsell, Harold,</marc:subfield><marc:subfield code="d">1913-</marc:subfield><marc:subfield code="t">Battle for the Bible.</marc:subfield></marc:datafield><marc:datafield tag="630" ind1="0" ind2="0"><marc:subfield code="a">Bible</marc:subfield><marc:subfield code="x">Inspiration.</marc:subfield></marc:datafield><marc:datafield tag="630" ind1="0" ind2="0"><marc:subfield code="a">Bible</marc:subfield><marc:subfield code="x">Evidences, authority, etc.</marc:subfield></marc:datafield><marc:datafield tag="035" ind1=" " ind2=" "><marc:subfield code="a">(TxDaGIAL)37741100012928</marc:subfield></marc:datafield><marc:controlfield tag="005">20080624154628.0</marc:controlfield><marc:controlfield tag="001">996</marc:controlfield><marc:controlfield tag="003">TxDaGIAL</marc:controlfield><marc:datafield tag="852" ind1=" " ind2=" "><marc:subfield code="p">37741100012928</marc:subfield><marc:subfield code="a">Library</marc:subfield><marc:subfield code="9">$0.00</marc:subfield><marc:subfield code="x">COPYID:1172</marc:subfield><marc:subfield code="x">FSC@aRegular@c19960812</marc:subfield><marc:subfield code="h">220.13 L754bi 1979</marc:subfield><marc:subfield code="z">John Alsop gift 7-92</marc:subfield></marc:datafield></marc:record>