
<marc:record><marc:leader>01336pam a2200313 a 4500</marc:leader>
<marc:controlfield tag="008">921117r19931992nyu      b    001 0 eng  </marc:controlfield>
<marc:datafield tag="010" ind1=" " ind2=" "><marc:subfield code="a">   92041694</marc:subfield></marc:datafield><marc:datafield tag="020" ind1=" " ind2=" "><marc:subfield code="a">0826700322 (pbk.) :</marc:subfield><marc:subfield code="c">$5.95</marc:subfield></marc:datafield><marc:datafield tag="040" ind1=" " ind2=" "><marc:subfield code="a">DLC</marc:subfield><marc:subfield code="c">DLC</marc:subfield><marc:subfield code="d">DLC</marc:subfield></marc:datafield><marc:datafield tag="050" ind1="1" ind2="0"><marc:subfield code="a">BS445</marc:subfield><marc:subfield code="b">.B456 1993</marc:subfield></marc:datafield><marc:datafield tag="082" ind1="0" ind2="0"><marc:subfield code="a">220/.09/049</marc:subfield><marc:subfield code="2">20</marc:subfield></marc:datafield><marc:datafield tag="245" ind1="0" ind2="4"><marc:subfield code="a">The Bible in the twenty-first century :</marc:subfield><marc:subfield code="b">symposium papers /</marc:subfield><marc:subfield code="c">edited by Howard Clark Kee.</marc:subfield></marc:datafield><marc:datafield tag="260" ind1=" " ind2=" "><marc:subfield code="a">New York :</marc:subfield><marc:subfield code="b">American Bible Society,</marc:subfield><marc:subfield code="c">c1993.</marc:subfield></marc:datafield><marc:datafield tag="300" ind1=" " ind2=" "><marc:subfield code="a">vi, 246 p. ;</marc:subfield><marc:subfield code="c">21 cm.</marc:subfield></marc:datafield><marc:datafield tag="500" ind1=" " ind2=" "><marc:subfield code="a">Papers and comments collected from a 1991 symposium sponsored by the American Bible Society.</marc:subfield></marc:datafield><marc:datafield tag="500" ind1=" " ind2=" "><marc:subfield code="a">Originally published: Philadelphia : Trinity Press International, 1992.</marc:subfield></marc:datafield><marc:datafield tag="504" ind1=" " ind2=" "><marc:subfield code="a">Includes bibliographical references and indexes.</marc:subfield></marc:datafield><marc:datafield tag="630" ind1="0" ind2="0"><marc:subfield code="a">Bible</marc:subfield><marc:subfield code="x">History</marc:subfield><marc:subfield code="v">Congresses.</marc:subfield></marc:datafield><marc:datafield tag="630" ind1="0" ind2="0"><marc:subfield code="a">Bible</marc:subfield><marc:subfield code="x">Study and teaching</marc:subfield><marc:subfield code="v">Congresses.</marc:subfield></marc:datafield><marc:datafield tag="630" ind1="0" ind2="0"><marc:subfield code="a">Bible</marc:subfield><marc:subfield code="x">Translating</marc:subfield><marc:subfield code="v">Congresses.</marc:subfield></marc:datafield><marc:datafield tag="610" ind1="2" ind2="0"><marc:subfield code="a">American Bible Society.</marc:subfield></marc:datafield><marc:datafield tag="700" ind1="1" ind2="0"><marc:subfield code="a">Kee, Howard Clark.</marc:subfield></marc:datafield><marc:datafield tag="710" ind1="2" ind2="0"><marc:subfield code="a">American Bible Society.</marc:subfield></marc:datafield><marc:datafield tag="035" ind1=" " ind2=" "><marc:subfield code="a">(TxDaGIAL)37741100001411</marc:subfield></marc:datafield><marc:controlfield tag="005">20080624154629.0</marc:controlfield><marc:controlfield tag="001">997</marc:controlfield><marc:controlfield tag="003">TxDaGIAL</marc:controlfield><marc:datafield tag="852" ind1=" " ind2=" "><marc:subfield code="p">37741100001411</marc:subfield><marc:subfield code="a">Library</marc:subfield><marc:subfield code="x">COPYID:1173</marc:subfield><marc:subfield code="x">FSC@aRegular@c19950208</marc:subfield><marc:subfield code="h">220.09049 B582k 1993</marc:subfield><marc:subfield code="z">B/T 3-4-94 $5.18</marc:subfield></marc:datafield><marc:datafield tag="852" ind1=" " ind2=" "><marc:subfield code="p">37741100023693</marc:subfield><marc:subfield code="a">Library</marc:subfield><marc:subfield code="9">$0.00</marc:subfield><marc:subfield code="x">COPYID:1174</marc:subfield><marc:subfield code="x">FSC@aRegular@c20000224</marc:subfield><marc:subfield code="h">220.09049 B582k 1993</marc:subfield><marc:subfield code="z">Gift SIL-Translation Dept. 12-99</marc:subfield></marc:datafield></marc:record>