
<marc:record><marc:leader>00784nam a2200217 a 4500</marc:leader>
<marc:controlfield tag="008">960806c19721964caua          001 0 eng d</marc:controlfield>
<marc:datafield tag="040" ind1=" " ind2=" "><marc:subfield code="a">TxDaGIAL</marc:subfield><marc:subfield code="c">TxDaGIAL</marc:subfield></marc:datafield><marc:datafield tag="082" ind1="0" ind2="4"><marc:subfield code="a">220.3</marc:subfield><marc:subfield code="2">20</marc:subfield></marc:datafield><marc:datafield tag="100" ind1="1" ind2=" "><marc:subfield code="a">Demaray, Donald E.</marc:subfield></marc:datafield><marc:datafield tag="245" ind1="1" ind2="0"><marc:subfield code="a">Bible study source-book /</marc:subfield><marc:subfield code="c">Donald E. Demaray.</marc:subfield></marc:datafield><marc:datafield tag="260" ind1=" " ind2=" "><marc:subfield code="a">Grand Rapids, Mich. :</marc:subfield><marc:subfield code="b">A Cowman Publication, Zondervan,</marc:subfield><marc:subfield code="c">1972, c1964.</marc:subfield></marc:datafield><marc:datafield tag="300" ind1=" " ind2=" "><marc:subfield code="a">viii, 380 p. :</marc:subfield><marc:subfield code="b">ill., col. maps ;</marc:subfield><marc:subfield code="c">24 cm.</marc:subfield></marc:datafield><marc:datafield tag="500" ind1=" " ind2=" "><marc:subfield code="a">Includes indexes.</marc:subfield></marc:datafield><marc:datafield tag="500" ind1=" " ind2=" "><marc:subfield code="a">&quot;Formerly published as: Cowman handbook of the Bible&quot;</marc:subfield></marc:datafield><marc:datafield tag="630" ind1="0" ind2="0"><marc:subfield code="a">Bible</marc:subfield><marc:subfield code="v">Handbooks, manuals, etc.</marc:subfield></marc:datafield><marc:datafield tag="740" ind1="0" ind2="1"><marc:subfield code="a">Cowman handbook of the Bible.</marc:subfield></marc:datafield><marc:datafield tag="035" ind1=" " ind2=" "><marc:subfield code="a">(TxDaGIAL)37741100001399</marc:subfield></marc:datafield><marc:controlfield tag="005">20080624154629.0</marc:controlfield><marc:controlfield tag="001">998</marc:controlfield><marc:controlfield tag="003">TxDaGIAL</marc:controlfield><marc:datafield tag="852" ind1=" " ind2=" "><marc:subfield code="p">37741100001399</marc:subfield><marc:subfield code="a">Library</marc:subfield><marc:subfield code="x">COPYID:1175</marc:subfield><marc:subfield code="x">FSC@aRegular@c19960806</marc:subfield><marc:subfield code="h">220.3 D386 1972</marc:subfield><marc:subfield code="z">19</marc:subfield></marc:datafield></marc:record>