
<marc:record><marc:leader>00808cam a2200205 i 4500</marc:leader>
<marc:controlfield tag="008">810604s1961    enk           00100 eng  </marc:controlfield>
<marc:datafield tag="040" ind1=" " ind2=" "><marc:subfield code="a">TxDaGIAL</marc:subfield><marc:subfield code="d">TxDaGIAL</marc:subfield></marc:datafield><marc:datafield tag="100" ind1="1" ind2="0"><marc:subfield code="a">Nida, Eugene Albert,</marc:subfield><marc:subfield code="d">1914-</marc:subfield></marc:datafield><marc:datafield tag="245" ind1="1" ind2="0"><marc:subfield code="a">Bible translating :</marc:subfield><marc:subfield code="b">an analysis of principles and procedures, with special reference to aboriginal languages /</marc:subfield><marc:subfield code="c">by Eugene A. Nida.</marc:subfield></marc:datafield><marc:datafield tag="250" ind1=" " ind2=" "><marc:subfield code="a">Rev. ed.</marc:subfield></marc:datafield><marc:datafield tag="260" ind1="0" ind2=" "><marc:subfield code="a">London :</marc:subfield><marc:subfield code="b">United Bible Societies,</marc:subfield><marc:subfield code="c">c1961.</marc:subfield></marc:datafield><marc:datafield tag="300" ind1=" " ind2=" "><marc:subfield code="a">vii, 351 p. ;</marc:subfield><marc:subfield code="c">21 cm.</marc:subfield></marc:datafield><marc:datafield tag="630" ind1="0" ind2="0"><marc:subfield code="a">Bible</marc:subfield><marc:subfield code="x">Versions.</marc:subfield></marc:datafield><marc:datafield tag="710" ind1="2" ind2="0"><marc:subfield code="a">United Bible Societies.</marc:subfield></marc:datafield><marc:datafield tag="035" ind1=" " ind2=" "><marc:subfield code="a">(TxDaGIAL)37741100013414</marc:subfield></marc:datafield><marc:controlfield tag="005">20080624154630.0</marc:controlfield><marc:controlfield tag="001">1000</marc:controlfield><marc:controlfield tag="003">TxDaGIAL</marc:controlfield><marc:datafield tag="852" ind1=" " ind2=" "><marc:subfield code="p">37741100013414</marc:subfield><marc:subfield code="a">Library</marc:subfield><marc:subfield code="x">COPYID:1177</marc:subfield><marc:subfield code="x">FSC@aRegular@c19961017</marc:subfield><marc:subfield code="h">220.5 N664b 1961</marc:subfield><marc:subfield code="z">546</marc:subfield></marc:datafield><marc:datafield tag="852" ind1=" " ind2=" "><marc:subfield code="p">37741100013415</marc:subfield><marc:subfield code="a">Library</marc:subfield><marc:subfield code="x">COPYID:1178</marc:subfield><marc:subfield code="x">FSC@aRegular@c19961017</marc:subfield><marc:subfield code="h">220.5 N664b 1961</marc:subfield><marc:subfield code="z">547</marc:subfield></marc:datafield></marc:record>