
<marc:record><marc:leader>00658nam a2200181 i 4500</marc:leader>
<marc:controlfield tag="008">770609s1975    nr a     b    000 0 eng d</marc:controlfield>
<marc:datafield tag="040" ind1=" " ind2=" "><marc:subfield code="a">TxDaGIAL</marc:subfield><marc:subfield code="c">TxDaGIAL</marc:subfield></marc:datafield><marc:datafield tag="082" ind1="0" ind2="4"><marc:subfield code="a">220.5</marc:subfield></marc:datafield><marc:datafield tag="100" ind1="1" ind2="0"><marc:subfield code="a">Barnwell, Katharine G. L.</marc:subfield></marc:datafield><marc:datafield tag="245" ind1="1" ind2="0"><marc:subfield code="a">Bible translation :</marc:subfield><marc:subfield code="b">an introductory course in basic translation principles /</marc:subfield><marc:subfield code="c">Katharine Barnwell.</marc:subfield></marc:datafield><marc:datafield tag="260" ind1="0" ind2=" "><marc:subfield code="a">Jos, Nigeria :</marc:subfield><marc:subfield code="b">Institute of Linguistics,</marc:subfield><marc:subfield code="c">1975.</marc:subfield></marc:datafield><marc:datafield tag="300" ind1=" " ind2=" "><marc:subfield code="a">198 p. :</marc:subfield><marc:subfield code="b">ill. ;</marc:subfield><marc:subfield code="c">21 cm.</marc:subfield></marc:datafield><marc:datafield tag="630" ind1="0" ind2="0"><marc:subfield code="a">Bible</marc:subfield><marc:subfield code="x">Translating</marc:subfield><marc:subfield code="x">Study and teaching.</marc:subfield></marc:datafield><marc:datafield tag="035" ind1=" " ind2=" "><marc:subfield code="a">(TxDaGIAL)37741100019309</marc:subfield></marc:datafield><marc:controlfield tag="005">20080624154630.0</marc:controlfield><marc:controlfield tag="001">1001</marc:controlfield><marc:controlfield tag="003">TxDaGIAL</marc:controlfield><marc:datafield tag="852" ind1=" " ind2=" "><marc:subfield code="p">37741100019309</marc:subfield><marc:subfield code="a">Library</marc:subfield><marc:subfield code="x">COPYID:1179</marc:subfield><marc:subfield code="x">FSC@aRegular@c19970730</marc:subfield><marc:subfield code="h">220.5 B263b 1975</marc:subfield></marc:datafield></marc:record>