
<marc:record><marc:leader>01372nam a2200277 i 4500</marc:leader>
<marc:controlfield tag="008">770609m19861987txua     b    000 0 eng d</marc:controlfield>
<marc:datafield tag="020" ind1=" " ind2=" "><marc:subfield code="a">0883126516</marc:subfield></marc:datafield><marc:datafield tag="040" ind1=" " ind2=" "><marc:subfield code="a">TxDaGIAL</marc:subfield><marc:subfield code="c">TxDaGIAL</marc:subfield></marc:datafield><marc:datafield tag="082" ind1="0" ind2="4"><marc:subfield code="a">220.5</marc:subfield></marc:datafield><marc:datafield tag="100" ind1="1" ind2="0"><marc:subfield code="a">Barnwell, Katharine G. L.</marc:subfield></marc:datafield><marc:datafield tag="245" ind1="1" ind2="0"><marc:subfield code="a">Bible translation :</marc:subfield><marc:subfield code="b">an introductory course in translation principles /</marc:subfield><marc:subfield code="c">compiled by Katharine Barnwell.</marc:subfield></marc:datafield><marc:datafield tag="250" ind1=" " ind2=" "><marc:subfield code="a">3rd rev. ed.</marc:subfield></marc:datafield><marc:datafield tag="260" ind1="0" ind2=" "><marc:subfield code="a">Dallas, Tex. :</marc:subfield><marc:subfield code="b">Summer Institute of Linguistics,</marc:subfield><marc:subfield code="c">1986-87.</marc:subfield></marc:datafield><marc:datafield tag="300" ind1=" " ind2=" "><marc:subfield code="a">274 p. ;</marc:subfield><marc:subfield code="c">28 cm. +</marc:subfield><marc:subfield code="e">1 teacher's manual.</marc:subfield></marc:datafield><marc:datafield tag="630" ind1="0" ind2="0"><marc:subfield code="a">Bible</marc:subfield><marc:subfield code="x">Translating</marc:subfield><marc:subfield code="x">Study and teaching.</marc:subfield></marc:datafield><marc:datafield tag="035" ind1=" " ind2=" "><marc:subfield code="a">(TxDaGIAL)37741100019310</marc:subfield></marc:datafield><marc:controlfield tag="005">20080624154630.0</marc:controlfield><marc:controlfield tag="001">1002</marc:controlfield><marc:controlfield tag="003">TxDaGIAL</marc:controlfield><marc:datafield tag="852" ind1=" " ind2=" "><marc:subfield code="p">37741100019310</marc:subfield><marc:subfield code="a">Library</marc:subfield><marc:subfield code="x">COPYID:1180</marc:subfield><marc:subfield code="x">FSC@aRegular@c19970730</marc:subfield><marc:subfield code="h">220.5 B263b 1986</marc:subfield><marc:subfield code="z">12461</marc:subfield></marc:datafield><marc:datafield tag="852" ind1=" " ind2=" "><marc:subfield code="p">37741100019311</marc:subfield><marc:subfield code="a">Library</marc:subfield><marc:subfield code="x">COPYID:1181</marc:subfield><marc:subfield code="x">FSC@aRegular@c19970730</marc:subfield><marc:subfield code="h">220.5 B263b 1986</marc:subfield><marc:subfield code="z">12462</marc:subfield></marc:datafield><marc:datafield tag="852" ind1=" " ind2=" "><marc:subfield code="p">37741100019312</marc:subfield><marc:subfield code="a">Library</marc:subfield><marc:subfield code="x">COPYID:1182</marc:subfield><marc:subfield code="x">FSC@aRegular@c19970730</marc:subfield><marc:subfield code="h">220.5 B263b 1986</marc:subfield><marc:subfield code="z">12588</marc:subfield></marc:datafield><marc:datafield tag="852" ind1=" " ind2=" "><marc:subfield code="p">37741100019313</marc:subfield><marc:subfield code="a">Library</marc:subfield><marc:subfield code="x">COPYID:1183</marc:subfield><marc:subfield code="x">FSC@aRegular@c19970730</marc:subfield><marc:subfield code="h">220.5 B263b 1986</marc:subfield><marc:subfield code="z">13101</marc:subfield></marc:datafield><marc:datafield tag="852" ind1=" " ind2=" "><marc:subfield code="p">37741100019314</marc:subfield><marc:subfield code="a">Library</marc:subfield><marc:subfield code="x">COPYID:1184</marc:subfield><marc:subfield code="x">FSC@aRegular@c19970730</marc:subfield><marc:subfield code="h">220.5 B263b 1986</marc:subfield><marc:subfield code="z">13102</marc:subfield></marc:datafield><marc:datafield tag="852" ind1=" " ind2=" "><marc:subfield code="p">37741100019315</marc:subfield><marc:subfield code="a">Library</marc:subfield><marc:subfield code="x">COPYID:1185</marc:subfield><marc:subfield code="x">FSC@aRegular@c19970730</marc:subfield><marc:subfield code="h">220.5 B263b 1987 man</marc:subfield><marc:subfield code="z">12993</marc:subfield></marc:datafield><marc:datafield tag="852" ind1=" " ind2=" "><marc:subfield code="p">37741100019316</marc:subfield><marc:subfield code="a">Library</marc:subfield><marc:subfield code="x">COPYID:1186</marc:subfield><marc:subfield code="x">FSC@aRegular@c19970730</marc:subfield><marc:subfield code="h">220.5 B263b 1987 man</marc:subfield><marc:subfield code="z">12994</marc:subfield></marc:datafield></marc:record>