
<marc:record><marc:leader>00871nam a2200193 a 4500</marc:leader>
<marc:controlfield tag="008">970506s1996    txu           000 0 eng d</marc:controlfield>
<marc:datafield tag="040" ind1=" " ind2=" "><marc:subfield code="a">TxDaGIAL</marc:subfield><marc:subfield code="c">TxDaGIAL</marc:subfield></marc:datafield><marc:datafield tag="245" ind1="0" ind2="0"><marc:subfield code="a">Bible translation needs, bulletin 3, 1996 :</marc:subfield><marc:subfield code="b">taken from the archives of Ethnologue, languages of the world, thirteenth edition /</marc:subfield><marc:subfield code="c">Barbara F. Grimes, editor.</marc:subfield></marc:datafield><marc:datafield tag="260" ind1=" " ind2=" "><marc:subfield code="a">Dallas, Tex. :</marc:subfield><marc:subfield code="b">Wycliffe Bible Translators, International,</marc:subfield><marc:subfield code="c">c1996.</marc:subfield></marc:datafield><marc:datafield tag="300" ind1=" " ind2=" "><marc:subfield code="a">xviii, 255 p. :</marc:subfield><marc:subfield code="b">ill., charts ;</marc:subfield><marc:subfield code="c">23 cm.</marc:subfield></marc:datafield><marc:datafield tag="630" ind1="0" ind2="0"><marc:subfield code="a">Bible</marc:subfield><marc:subfield code="x">Translating.</marc:subfield></marc:datafield><marc:datafield tag="700" ind1="1" ind2="0"><marc:subfield code="a">Grimes, Barbara F.</marc:subfield></marc:datafield><marc:datafield tag="710" ind1="2" ind2=" "><marc:subfield code="a">Wycliffe Bible Translators.</marc:subfield><marc:subfield code="b">International.</marc:subfield></marc:datafield><marc:datafield tag="035" ind1=" " ind2=" "><marc:subfield code="a">(TxDaGIAL)37741200000135</marc:subfield></marc:datafield><marc:controlfield tag="005">20080624154630.0</marc:controlfield><marc:controlfield tag="001">1003</marc:controlfield><marc:controlfield tag="003">TxDaGIAL</marc:controlfield><marc:datafield tag="852" ind1=" " ind2=" "><marc:subfield code="p">37741200000135</marc:subfield><marc:subfield code="a">Library</marc:subfield><marc:subfield code="x">COPYID:1187</marc:subfield><marc:subfield code="x">FSC@aReference@c19991101</marc:subfield><marc:subfield code="h">REF 220.5 B582 1996</marc:subfield><marc:subfield code="z">5-97</marc:subfield></marc:datafield><marc:datafield tag="852" ind1=" " ind2=" "><marc:subfield code="p">37741100011828</marc:subfield><marc:subfield code="a">Library</marc:subfield><marc:subfield code="x">COPYID:1188</marc:subfield><marc:subfield code="x">FSC@aRegular@c19991101</marc:subfield><marc:subfield code="h">220.5 B582 1996</marc:subfield><marc:subfield code="z">5-97</marc:subfield></marc:datafield></marc:record>