
<marc:record><marc:leader>00886pam a2200241 a 4500</marc:leader>
<marc:controlfield tag="008">910109s1992    ncu      b    00110 eng  </marc:controlfield>
<marc:datafield tag="010" ind1=" " ind2=" "><marc:subfield code="a">   91052513</marc:subfield></marc:datafield><marc:datafield tag="020" ind1=" " ind2=" "><marc:subfield code="a">0899505376 (lib. bdg.: alk. paper) :</marc:subfield><marc:subfield code="c">$35.00</marc:subfield></marc:datafield><marc:datafield tag="040" ind1=" " ind2=" "><marc:subfield code="a">DLC</marc:subfield><marc:subfield code="c">DLC</marc:subfield><marc:subfield code="d">DLC</marc:subfield></marc:datafield><marc:datafield tag="050" ind1="0" ind2="0"><marc:subfield code="a">BS450</marc:subfield><marc:subfield code="b">.W62 1992</marc:subfield></marc:datafield><marc:datafield tag="082" ind1="0" ind2="0"><marc:subfield code="a">220.5</marc:subfield><marc:subfield code="2">20</marc:subfield></marc:datafield><marc:datafield tag="100" ind1="1" ind2="0"><marc:subfield code="a">Worth, Roland H.,</marc:subfield><marc:subfield code="d">1943-</marc:subfield></marc:datafield><marc:datafield tag="245" ind1="1" ind2="0"><marc:subfield code="a">Bible translations :</marc:subfield><marc:subfield code="b">a history through source documents /</marc:subfield><marc:subfield code="c">Roland H. Worth, Jr.</marc:subfield></marc:datafield><marc:datafield tag="260" ind1="0" ind2=" "><marc:subfield code="a">Jefferson, N.C. :</marc:subfield><marc:subfield code="b">McFarland &amp; Co.,</marc:subfield><marc:subfield code="c">c1992.</marc:subfield></marc:datafield><marc:datafield tag="300" ind1=" " ind2=" "><marc:subfield code="a">xiv, 191 p. ;</marc:subfield><marc:subfield code="c">24 cm.</marc:subfield></marc:datafield><marc:datafield tag="504" ind1=" " ind2=" "><marc:subfield code="a">Includes bibliographical references and index.</marc:subfield></marc:datafield><marc:datafield tag="630" ind1="0" ind2="0"><marc:subfield code="a">Bible</marc:subfield><marc:subfield code="x">Translating</marc:subfield><marc:subfield code="x">History</marc:subfield><marc:subfield code="x">Sources.</marc:subfield></marc:datafield><marc:datafield tag="630" ind1="0" ind2="0"><marc:subfield code="a">Bible</marc:subfield><marc:subfield code="x">Versions</marc:subfield><marc:subfield code="x">History</marc:subfield><marc:subfield code="x">Sources.</marc:subfield></marc:datafield><marc:datafield tag="035" ind1=" " ind2=" "><marc:subfield code="a">(TxDaGIAL)37741100001520</marc:subfield></marc:datafield><marc:controlfield tag="005">20080624154630.0</marc:controlfield><marc:controlfield tag="001">1004</marc:controlfield><marc:controlfield tag="003">TxDaGIAL</marc:controlfield><marc:datafield tag="852" ind1=" " ind2=" "><marc:subfield code="p">37741100001520</marc:subfield><marc:subfield code="a">Library</marc:subfield><marc:subfield code="x">COPYID:1189</marc:subfield><marc:subfield code="x">FSC@aRegular@c19950213</marc:subfield><marc:subfield code="h">220.5 W932b 1992</marc:subfield><marc:subfield code="z">B/T Link $30.45 6-93</marc:subfield></marc:datafield></marc:record>