
<marc:record><marc:leader>00536nam a22001577a 4500</marc:leader>
<marc:controlfield tag="008">971020s1985    txuao         000 0 eng d</marc:controlfield>
<marc:datafield tag="040" ind1=" " ind2=" "><marc:subfield code="a">TxDaGIAL</marc:subfield><marc:subfield code="c">TxDaGIAL</marc:subfield></marc:datafield><marc:datafield tag="100" ind1="1" ind2=" "><marc:subfield code="a">Smith, W. Paul.</marc:subfield></marc:datafield><marc:datafield tag="245" ind1="1" ind2="0"><marc:subfield code="a">Bibles on the moon /</marc:subfield><marc:subfield code="c">by W. Paul Smith.</marc:subfield></marc:datafield><marc:datafield tag="260" ind1=" " ind2=" "><marc:subfield code="a">Cedar Hill, Tex. :</marc:subfield><marc:subfield code="b">Bible Translations on Tape,</marc:subfield><marc:subfield code="c">c1985.</marc:subfield></marc:datafield><marc:datafield tag="300" ind1=" " ind2=" "><marc:subfield code="a">iv, 46 p. :</marc:subfield><marc:subfield code="b">ill., photographs ;</marc:subfield><marc:subfield code="c">21 cm.</marc:subfield></marc:datafield><marc:datafield tag="035" ind1=" " ind2=" "><marc:subfield code="a">(TxDaGIAL)37741100021211</marc:subfield></marc:datafield><marc:controlfield tag="005">20080624154630.0</marc:controlfield><marc:controlfield tag="001">1005</marc:controlfield><marc:controlfield tag="003">TxDaGIAL</marc:controlfield><marc:datafield tag="852" ind1=" " ind2=" "><marc:subfield code="p">37741100021211</marc:subfield><marc:subfield code="a">Library</marc:subfield><marc:subfield code="x">COPYID:1190</marc:subfield><marc:subfield code="x">FSC@aRegular@c19971020</marc:subfield><marc:subfield code="h">266.009 S663b 1985</marc:subfield></marc:datafield></marc:record>