
<marc:record><marc:leader>00636nam a22001937a 4500</marc:leader>
<marc:controlfield tag="008">970523t19781966ug ab         000 0 saa d</marc:controlfield>
<marc:datafield tag="020" ind1=" " ind2=" "><marc:subfield code="a">056400023x</marc:subfield></marc:datafield><marc:datafield tag="040" ind1=" " ind2=" "><marc:subfield code="a">TxDaSIL</marc:subfield><marc:subfield code="c">TxDaSIL</marc:subfield></marc:datafield><marc:datafield tag="041" ind1="0" ind2=" "><marc:subfield code="a">saa</marc:subfield></marc:datafield><marc:datafield tag="130" ind1="0" ind2=" "><marc:subfield code="a">Bible.</marc:subfield><marc:subfield code="l">Logbara.</marc:subfield><marc:subfield code="f">1978.</marc:subfield></marc:datafield><marc:datafield tag="245" ind1="1" ind2="0"><marc:subfield code="a">Biblia :</marc:subfield><marc:subfield code="b">e'yo okuri pi e'yo o'diruri be.</marc:subfield></marc:datafield><marc:datafield tag="260" ind1=" " ind2=" "><marc:subfield code="a">Kampala :</marc:subfield><marc:subfield code="b">The Bible Society of Uganda,</marc:subfield><marc:subfield code="c">1978, c1966.</marc:subfield></marc:datafield><marc:datafield tag="300" ind1=" " ind2=" "><marc:subfield code="a">1229 p. :</marc:subfield><marc:subfield code="b">maps. ;</marc:subfield><marc:subfield code="c">23 cm.</marc:subfield></marc:datafield><marc:datafield tag="035" ind1=" " ind2=" "><marc:subfield code="a">(TxDaGIAL)37741100017964</marc:subfield></marc:datafield><marc:datafield tag="590" ind1=" " ind2=" "><marc:subfield code="l">lug</marc:subfield><marc:subfield code="2">ISO 639-3</marc:subfield></marc:datafield><marc:controlfield tag="005">20081217192443.0</marc:controlfield><marc:controlfield tag="001">1006</marc:controlfield><marc:controlfield tag="003">TxDaGIAL</marc:controlfield><marc:datafield tag="852" ind1=" " ind2=" "><marc:subfield code="p">37741100017964</marc:subfield><marc:subfield code="a">Library</marc:subfield><marc:subfield code="9">$0.00</marc:subfield><marc:subfield code="x">COPYID:1191</marc:subfield><marc:subfield code="x">FSC@aRegular@c19970529</marc:subfield><marc:subfield code="h">220.5965 L951 1978</marc:subfield><marc:subfield code="z">Laura Barr gift 11578</marc:subfield></marc:datafield></marc:record>