
<marc:record><marc:leader>00600nam a22001817a 4500</marc:leader>
<marc:controlfield tag="008">970523s1966    ke bo         000 0 saa d</marc:controlfield>
<marc:datafield tag="040" ind1=" " ind2=" "><marc:subfield code="a">TxDaSIL</marc:subfield><marc:subfield code="c">TxDaSIL</marc:subfield></marc:datafield><marc:datafield tag="041" ind1="0" ind2=" "><marc:subfield code="a">saa</marc:subfield></marc:datafield><marc:datafield tag="130" ind1="0" ind2=" "><marc:subfield code="a">Bible.</marc:subfield><marc:subfield code="l">Logbara.</marc:subfield><marc:subfield code="f">1966.</marc:subfield></marc:datafield><marc:datafield tag="245" ind1="1" ind2="0"><marc:subfield code="a">Biblia :</marc:subfield><marc:subfield code="b">e'yo okuri pi e'yo o'diruri be.</marc:subfield></marc:datafield><marc:datafield tag="260" ind1=" " ind2=" "><marc:subfield code="a">Nairobi :</marc:subfield><marc:subfield code="b">The Bible Society in East Africa,</marc:subfield><marc:subfield code="c">1966.</marc:subfield></marc:datafield><marc:datafield tag="300" ind1=" " ind2=" "><marc:subfield code="a">1229 p., [10 p.] plates :</marc:subfield><marc:subfield code="b">maps, photos ;</marc:subfield><marc:subfield code="c">22 cm.</marc:subfield></marc:datafield><marc:datafield tag="035" ind1=" " ind2=" "><marc:subfield code="a">(TxDaGIAL)37741100017965</marc:subfield></marc:datafield><marc:datafield tag="590" ind1=" " ind2=" "><marc:subfield code="l">lug</marc:subfield><marc:subfield code="2">ISO 639-3</marc:subfield></marc:datafield><marc:controlfield tag="005">20081217192514.0</marc:controlfield><marc:controlfield tag="001">1007</marc:controlfield><marc:controlfield tag="003">TxDaGIAL</marc:controlfield><marc:datafield tag="852" ind1=" " ind2=" "><marc:subfield code="p">37741100017965</marc:subfield><marc:subfield code="a">Library</marc:subfield><marc:subfield code="x">COPYID:1192</marc:subfield><marc:subfield code="x">FSC@aRegular@c19970529</marc:subfield><marc:subfield code="h">220.5965 L951 1966</marc:subfield></marc:datafield></marc:record>