
<marc:record><marc:leader>04026nam a2200517 i 4500</marc:leader>
<marc:controlfield tag="008">961028r19681857miu           001 0 eng d</marc:controlfield>
<marc:datafield tag="040" ind1=" " ind2=" "><marc:subfield code="a">TxDaGIAL</marc:subfield><marc:subfield code="c">TxDaGIAL</marc:subfield></marc:datafield><marc:datafield tag="041" ind1="1" ind2=" "><marc:subfield code="a">engger</marc:subfield></marc:datafield><marc:datafield tag="082" ind1="0" ind2="4"><marc:subfield code="a">221.7</marc:subfield></marc:datafield><marc:datafield tag="100" ind1="1" ind2=" "><marc:subfield code="a">Keil, Carl Friedrich,</marc:subfield><marc:subfield code="d">1807-1888.</marc:subfield></marc:datafield><marc:datafield tag="245" ind1="1" ind2="0"><marc:subfield code="a">Biblical commentary on the Old Testament /</marc:subfield><marc:subfield code="c">by C. F. Keil and F. Delitzsch; translated from the German by James Martin.</marc:subfield></marc:datafield><marc:datafield tag="260" ind1=" " ind2=" "><marc:subfield code="a">Grand Rapids, Mich. :</marc:subfield><marc:subfield code="b">Eerdmans,</marc:subfield><marc:subfield code="c">1968.</marc:subfield></marc:datafield><marc:datafield tag="300" ind1=" " ind2=" "><marc:subfield code="a">25 v. ;</marc:subfield><marc:subfield code="c">23 cm.</marc:subfield></marc:datafield><marc:datafield tag="500" ind1=" " ind2=" "><marc:subfield code="a">Translated from the German ed. of C. F. Keil and F. Delitzsch; originally published, Edinburgh, 1857-1878.</marc:subfield></marc:datafield><marc:datafield tag="630" ind1="0" ind2="0"><marc:subfield code="a">Bible.</marc:subfield><marc:subfield code="p">O.T.</marc:subfield><marc:subfield code="v">Commentaries.</marc:subfield></marc:datafield><marc:datafield tag="700" ind1="1" ind2="0"><marc:subfield code="a">Delitzsch, Franz,</marc:subfield><marc:subfield code="d">1813-1890.</marc:subfield></marc:datafield><marc:datafield tag="700" ind1="1" ind2="0"><marc:subfield code="a">Martin, James.</marc:subfield></marc:datafield><marc:datafield tag="035" ind1=" " ind2=" "><marc:subfield code="a">(TxDaGIAL)37741100013538</marc:subfield></marc:datafield><marc:controlfield tag="005">20080624154631.0</marc:controlfield><marc:controlfield tag="001">1008</marc:controlfield><marc:controlfield tag="003">TxDaGIAL</marc:controlfield><marc:datafield tag="852" ind1=" " ind2=" "><marc:subfield code="p">37741100013539</marc:subfield><marc:subfield code="a">Library</marc:subfield><marc:subfield code="9">$0.00</marc:subfield><marc:subfield code="x">COPYID:1194</marc:subfield><marc:subfield code="x">FSC@aRegular@c19961029</marc:subfield><marc:subfield code="h">221.7 K27b vol.2 1968</marc:subfield><marc:subfield code="z">Gift Gordon Van Rooy</marc:subfield></marc:datafield><marc:datafield tag="852" ind1=" " ind2=" "><marc:subfield code="p">37741100013540</marc:subfield><marc:subfield code="a">Library</marc:subfield><marc:subfield code="9">$0.00</marc:subfield><marc:subfield code="x">COPYID:1195</marc:subfield><marc:subfield code="x">FSC@aRegular@c19961029</marc:subfield><marc:subfield code="h">221.7 K27b vol.3 1968</marc:subfield><marc:subfield code="z">Gift Gordon Van Rooy</marc:subfield></marc:datafield><marc:datafield tag="852" ind1=" " ind2=" "><marc:subfield code="p">37741100013541</marc:subfield><marc:subfield code="a">Library</marc:subfield><marc:subfield code="9">$0.00</marc:subfield><marc:subfield code="x">COPYID:1196</marc:subfield><marc:subfield code="x">FSC@aRegular@c19961029</marc:subfield><marc:subfield code="h">221.7 K27b vol.4 1968</marc:subfield><marc:subfield code="z">Gift Gordon Van Rooy</marc:subfield></marc:datafield><marc:datafield tag="852" ind1=" " ind2=" "><marc:subfield code="p">37741100013542</marc:subfield><marc:subfield code="a">Library</marc:subfield><marc:subfield code="9">$0.00</marc:subfield><marc:subfield code="x">COPYID:1197</marc:subfield><marc:subfield code="x">FSC@aRegular@c19961029</marc:subfield><marc:subfield code="h">221.7 K27b vol.5 1968</marc:subfield><marc:subfield code="z">Gift Gordon Van Rooy</marc:subfield></marc:datafield><marc:datafield tag="852" ind1=" " ind2=" "><marc:subfield code="p">37741100013543</marc:subfield><marc:subfield code="a">Library</marc:subfield><marc:subfield code="9">$0.00</marc:subfield><marc:subfield code="x">COPYID:1198</marc:subfield><marc:subfield code="x">FSC@aRegular@c19961029</marc:subfield><marc:subfield code="h">221.7 K27b vol.6 1968</marc:subfield><marc:subfield code="z">Gift Gordon Van Rooy</marc:subfield></marc:datafield><marc:datafield tag="852" ind1=" " ind2=" "><marc:subfield code="p">37741100013544</marc:subfield><marc:subfield code="a">Library</marc:subfield><marc:subfield code="9">$0.00</marc:subfield><marc:subfield code="x">COPYID:1199</marc:subfield><marc:subfield code="x">FSC@aRegular@c19961029</marc:subfield><marc:subfield code="h">221.7 K27b vol.7 1968</marc:subfield><marc:subfield code="z">Gift Gordon Van Rooy</marc:subfield></marc:datafield><marc:datafield tag="852" ind1=" " ind2=" "><marc:subfield code="p">37741100013546</marc:subfield><marc:subfield code="a">Library</marc:subfield><marc:subfield code="9">$0.00</marc:subfield><marc:subfield code="x">COPYID:1200</marc:subfield><marc:subfield code="x">FSC@aRegular@c19961029</marc:subfield><marc:subfield code="h">221.7 K27b vol.8 1968</marc:subfield><marc:subfield code="z">Gift Gordon Van Rooy</marc:subfield></marc:datafield><marc:datafield tag="852" ind1=" " ind2=" "><marc:subfield code="p">37741100013547</marc:subfield><marc:subfield code="a">Library</marc:subfield><marc:subfield code="9">$0.00</marc:subfield><marc:subfield code="x">COPYID:1201</marc:subfield><marc:subfield code="x">FSC@aRegular@c19961029</marc:subfield><marc:subfield code="h">221.7 K27b vol.9 1968</marc:subfield><marc:subfield code="z">Gift Gordon Van Rooy</marc:subfield></marc:datafield><marc:datafield tag="852" ind1=" " ind2=" "><marc:subfield code="p">37741100013548</marc:subfield><marc:subfield code="a">Library</marc:subfield><marc:subfield code="9">$0.00</marc:subfield><marc:subfield code="x">COPYID:1202</marc:subfield><marc:subfield code="x">FSC@aRegular@c19961029</marc:subfield><marc:subfield code="h">221.7 K27b vol.10 1968</marc:subfield><marc:subfield code="z">Gift Gordon Van Rooy</marc:subfield></marc:datafield><marc:datafield tag="852" ind1=" " ind2=" "><marc:subfield code="p">37741100013545</marc:subfield><marc:subfield code="a">Library</marc:subfield><marc:subfield code="9">$0.00</marc:subfield><marc:subfield code="x">COPYID:1203</marc:subfield><marc:subfield code="x">FSC@aRegular@c19961029</marc:subfield><marc:subfield code="h">221.7 K27b vol.11 1968</marc:subfield><marc:subfield code="z">Gift Gordon Van Rooy</marc:subfield></marc:datafield><marc:datafield tag="852" ind1=" " ind2=" "><marc:subfield code="p">37741100013553</marc:subfield><marc:subfield code="a">Library</marc:subfield><marc:subfield code="9">$0.00</marc:subfield><marc:subfield code="x">COPYID:1204</marc:subfield><marc:subfield code="x">FSC@aRegular@c19961029</marc:subfield><marc:subfield code="h">221.7 K27b vol.12 1968</marc:subfield><marc:subfield code="z">Gift Gordon Van Rooy</marc:subfield></marc:datafield><marc:datafield tag="852" ind1=" " ind2=" "><marc:subfield code="p">37741100013554</marc:subfield><marc:subfield code="a">Library</marc:subfield><marc:subfield code="9">$0.00</marc:subfield><marc:subfield code="x">COPYID:1205</marc:subfield><marc:subfield code="x">FSC@aRegular@c19961029</marc:subfield><marc:subfield code="h">221.7 K27b vol.13 1968</marc:subfield><marc:subfield code="z">Gift Gordon Van Rooy</marc:subfield></marc:datafield><marc:datafield tag="852" ind1=" " ind2=" "><marc:subfield code="p">37741100013561</marc:subfield><marc:subfield code="a">Library</marc:subfield><marc:subfield code="9">$0.00</marc:subfield><marc:subfield code="x">COPYID:1206</marc:subfield><marc:subfield code="x">FSC@aRegular@c19961029</marc:subfield><marc:subfield code="h">221.7 K27b vol.14 1968</marc:subfield><marc:subfield code="z">Gift Gordon Van Rooy</marc:subfield></marc:datafield><marc:datafield tag="852" ind1=" " ind2=" "><marc:subfield code="p">37741100013562</marc:subfield><marc:subfield code="a">Library</marc:subfield><marc:subfield code="9">$0.00</marc:subfield><marc:subfield code="x">COPYID:1207</marc:subfield><marc:subfield code="x">FSC@aRegular@c19961029</marc:subfield><marc:subfield code="h">221.7 K27b vol.15 1968</marc:subfield><marc:subfield code="z">Gift Gordon Van Rooy</marc:subfield></marc:datafield><marc:datafield tag="852" ind1=" " ind2=" "><marc:subfield code="p">37741100013549</marc:subfield><marc:subfield code="a">Library</marc:subfield><marc:subfield code="9">$0.00</marc:subfield><marc:subfield code="x">COPYID:1208</marc:subfield><marc:subfield code="x">FSC@aRegular@c19961029</marc:subfield><marc:subfield code="h">221.7 K27b vol.16 1968</marc:subfield><marc:subfield code="z">Gift Gordon Van Rooy</marc:subfield></marc:datafield><marc:datafield tag="852" ind1=" " ind2=" "><marc:subfield code="p">37741100013555</marc:subfield><marc:subfield code="a">Library</marc:subfield><marc:subfield code="9">$0.00</marc:subfield><marc:subfield code="x">COPYID:1209</marc:subfield><marc:subfield code="x">FSC@aRegular@c19961029</marc:subfield><marc:subfield code="h">221.7 K27b vol.17 1968</marc:subfield><marc:subfield code="z">Gift Gordon Van Rooy</marc:subfield></marc:datafield><marc:datafield tag="852" ind1=" " ind2=" "><marc:subfield code="p">37741100013550</marc:subfield><marc:subfield code="a">Library</marc:subfield><marc:subfield code="9">$0.00</marc:subfield><marc:subfield code="x">COPYID:1210</marc:subfield><marc:subfield code="x">FSC@aRegular@c19961029</marc:subfield><marc:subfield code="h">221.7 K27b vol.18 1968</marc:subfield><marc:subfield code="z">Gift Gordon Van Rooy</marc:subfield></marc:datafield><marc:datafield tag="852" ind1=" " ind2=" "><marc:subfield code="p">37741100013551</marc:subfield><marc:subfield code="a">Library</marc:subfield><marc:subfield code="9">$0.00</marc:subfield><marc:subfield code="x">COPYID:1211</marc:subfield><marc:subfield code="x">FSC@aRegular@c19961029</marc:subfield><marc:subfield code="h">221.7 K27b vol.19 1968</marc:subfield><marc:subfield code="z">Gift Gordon Van Rooy</marc:subfield></marc:datafield><marc:datafield tag="852" ind1=" " ind2=" "><marc:subfield code="p">37741100013552</marc:subfield><marc:subfield code="a">Library</marc:subfield><marc:subfield code="9">$0.00</marc:subfield><marc:subfield code="x">COPYID:1212</marc:subfield><marc:subfield code="x">FSC@aRegular@c19961029</marc:subfield><marc:subfield code="h">221.7 K27b vol.20 1968</marc:subfield><marc:subfield code="z">Gift Gordon Van Rooy</marc:subfield></marc:datafield><marc:datafield tag="852" ind1=" " ind2=" "><marc:subfield code="p">37741100013556</marc:subfield><marc:subfield code="a">Library</marc:subfield><marc:subfield code="9">$0.00</marc:subfield><marc:subfield code="x">COPYID:1213</marc:subfield><marc:subfield code="x">FSC@aRegular@c19961029</marc:subfield><marc:subfield code="h">221.7 K27b vol.21 1968</marc:subfield><marc:subfield code="z">Gift Gordon Van Rooy</marc:subfield></marc:datafield><marc:datafield tag="852" ind1=" " ind2=" "><marc:subfield code="p">37741100013557</marc:subfield><marc:subfield code="a">Library</marc:subfield><marc:subfield code="9">$0.00</marc:subfield><marc:subfield code="x">COPYID:1214</marc:subfield><marc:subfield code="x">FSC@aRegular@c19961029</marc:subfield><marc:subfield code="h">221.7 K27b vol.22 1968</marc:subfield><marc:subfield code="z">Gift Gordon Van Rooy</marc:subfield></marc:datafield><marc:datafield tag="852" ind1=" " ind2=" "><marc:subfield code="p">37741100013558</marc:subfield><marc:subfield code="a">Library</marc:subfield><marc:subfield code="9">$0.00</marc:subfield><marc:subfield code="x">COPYID:1215</marc:subfield><marc:subfield code="x">FSC@aRegular@c19961029</marc:subfield><marc:subfield code="h">221.7 K27b vol.23 1968</marc:subfield><marc:subfield code="z">Gift Gordon Van Rooy</marc:subfield></marc:datafield><marc:datafield tag="852" ind1=" " ind2=" "><marc:subfield code="p">37741100013559</marc:subfield><marc:subfield code="a">Library</marc:subfield><marc:subfield code="9">$0.00</marc:subfield><marc:subfield code="x">COPYID:1216</marc:subfield><marc:subfield code="x">FSC@aRegular@c19961029</marc:subfield><marc:subfield code="h">221.7 K27b vol.24 1968</marc:subfield><marc:subfield code="z">Gift Gordon Van Rooy</marc:subfield></marc:datafield><marc:datafield tag="852" ind1=" " ind2=" "><marc:subfield code="p">37741100013538</marc:subfield><marc:subfield code="a">Library</marc:subfield><marc:subfield code="9">$0.00</marc:subfield><marc:subfield code="x">COPYID:1193</marc:subfield><marc:subfield code="x">FSC@aRegular@c19961029</marc:subfield><marc:subfield code="h">221.7 K27b vol.1 1968</marc:subfield><marc:subfield code="z">Gift Gordon Van Rooy</marc:subfield></marc:datafield><marc:datafield tag="852" ind1=" " ind2=" "><marc:subfield code="p">37741100024156</marc:subfield><marc:subfield code="a">Library</marc:subfield><marc:subfield code="9">$0.00</marc:subfield><marc:subfield code="x">COPYID:1217</marc:subfield><marc:subfield code="x">FSC@aRegular@c19961029</marc:subfield><marc:subfield code="h">221.7 K27b vol.25 1968</marc:subfield><marc:subfield code="z">Gift Gordon Van Rooy</marc:subfield></marc:datafield></marc:record>