
<marc:record><marc:leader>00796cam a2200241 a 4500</marc:leader>
<marc:controlfield tag="008">820909s1982    gau      b    00010 eng  </marc:controlfield>
<marc:datafield tag="010" ind1=" " ind2=" "><marc:subfield code="a">   82017999 //r87</marc:subfield></marc:datafield><marc:datafield tag="020" ind1=" " ind2=" "><marc:subfield code="a">0804200300 (pbk.) :</marc:subfield><marc:subfield code="c">$6.95</marc:subfield></marc:datafield><marc:datafield tag="040" ind1=" " ind2=" "><marc:subfield code="a">DLC</marc:subfield><marc:subfield code="c">DLC</marc:subfield><marc:subfield code="d">DLC</marc:subfield></marc:datafield><marc:datafield tag="050" ind1="0" ind2=" "><marc:subfield code="a">BS476</marc:subfield><marc:subfield code="b">.H35 1982</marc:subfield></marc:datafield><marc:datafield tag="082" ind1="0" ind2=" "><marc:subfield code="a">220.6/01</marc:subfield><marc:subfield code="2">19</marc:subfield></marc:datafield><marc:datafield tag="100" ind1="1" ind2="0"><marc:subfield code="a">Hayes, John Haralson,</marc:subfield><marc:subfield code="d">1934-</marc:subfield></marc:datafield><marc:datafield tag="245" ind1="1" ind2="0"><marc:subfield code="a">Biblical exegesis :</marc:subfield><marc:subfield code="b">a beginner's handbook /</marc:subfield><marc:subfield code="c">John H. Hayes, Carl R. Holladay.</marc:subfield></marc:datafield><marc:datafield tag="260" ind1="0" ind2=" "><marc:subfield code="a">Atlanta :</marc:subfield><marc:subfield code="b">John Knox Press,</marc:subfield><marc:subfield code="c">c1982.</marc:subfield></marc:datafield><marc:datafield tag="300" ind1=" " ind2=" "><marc:subfield code="a">132 p. ;</marc:subfield><marc:subfield code="c">22 cm.</marc:subfield></marc:datafield><marc:datafield tag="504" ind1=" " ind2=" "><marc:subfield code="a">Includes bibliographies.</marc:subfield></marc:datafield><marc:datafield tag="630" ind1="0" ind2="0"><marc:subfield code="a">Bible</marc:subfield><marc:subfield code="x">Hermeneutics.</marc:subfield></marc:datafield><marc:datafield tag="700" ind1="1" ind2="0"><marc:subfield code="a">Holladay, Carl R.</marc:subfield></marc:datafield><marc:datafield tag="035" ind1=" " ind2=" "><marc:subfield code="a">(TxDaGIAL)37741100002519</marc:subfield></marc:datafield><marc:controlfield tag="005">20080624154632.0</marc:controlfield><marc:controlfield tag="001">1010</marc:controlfield><marc:controlfield tag="003">TxDaGIAL</marc:controlfield><marc:datafield tag="852" ind1=" " ind2=" "><marc:subfield code="p">37741100002519</marc:subfield><marc:subfield code="a">Library</marc:subfield><marc:subfield code="x">COPYID:1219</marc:subfield><marc:subfield code="x">FSC@aRegular@c19950320</marc:subfield><marc:subfield code="h">220.601 H417b 1982</marc:subfield><marc:subfield code="z">8947</marc:subfield></marc:datafield></marc:record>