
<marc:record><marc:leader>00830pam a2200253 a 4500</marc:leader>
<marc:controlfield tag="008">870928s1987    gau      b    00010 eng  </marc:controlfield>
<marc:datafield tag="010" ind1=" " ind2=" "><marc:subfield code="a">   85045460</marc:subfield></marc:datafield><marc:datafield tag="020" ind1=" " ind2=" "><marc:subfield code="a">0804200319 (pbk.) :</marc:subfield><marc:subfield code="c">$9.95</marc:subfield></marc:datafield><marc:datafield tag="040" ind1=" " ind2=" "><marc:subfield code="a">DLC</marc:subfield><marc:subfield code="c">DLC</marc:subfield><marc:subfield code="d">TxDaGIAL</marc:subfield></marc:datafield><marc:datafield tag="050" ind1="0" ind2=" "><marc:subfield code="a">BS476</marc:subfield><marc:subfield code="b">.H35 1987</marc:subfield></marc:datafield><marc:datafield tag="082" ind1="0" ind2=" "><marc:subfield code="a">220.6/01</marc:subfield><marc:subfield code="2">19</marc:subfield></marc:datafield><marc:datafield tag="100" ind1="1" ind2="0"><marc:subfield code="a">Hayes, John Haralson,</marc:subfield><marc:subfield code="d">1934-</marc:subfield></marc:datafield><marc:datafield tag="245" ind1="1" ind2="0"><marc:subfield code="a">Biblical exegesis :</marc:subfield><marc:subfield code="b">a beginner's handbook /</marc:subfield><marc:subfield code="c">John H. Hayes, Carl R. Holladay.</marc:subfield></marc:datafield><marc:datafield tag="250" ind1=" " ind2=" "><marc:subfield code="a">Rev. ed.</marc:subfield></marc:datafield><marc:datafield tag="260" ind1="0" ind2=" "><marc:subfield code="a">Atlanta :</marc:subfield><marc:subfield code="b">Jon Knox Press,</marc:subfield><marc:subfield code="c">c1987.</marc:subfield></marc:datafield><marc:datafield tag="300" ind1=" " ind2=" "><marc:subfield code="a">159 p. ;</marc:subfield><marc:subfield code="c">22 cm.</marc:subfield></marc:datafield><marc:datafield tag="504" ind1=" " ind2=" "><marc:subfield code="a">Includes bibliographies.</marc:subfield></marc:datafield><marc:datafield tag="630" ind1="0" ind2="0"><marc:subfield code="a">Bible</marc:subfield><marc:subfield code="x">Hermeneutics.</marc:subfield></marc:datafield><marc:datafield tag="700" ind1="1" ind2="0"><marc:subfield code="a">Holladay, Carl R.</marc:subfield></marc:datafield><marc:datafield tag="035" ind1=" " ind2=" "><marc:subfield code="a">(TxDaGIAL)37741100011480</marc:subfield></marc:datafield><marc:controlfield tag="005">20080624154632.0</marc:controlfield><marc:controlfield tag="001">1011</marc:controlfield><marc:controlfield tag="003">TxDaGIAL</marc:controlfield><marc:datafield tag="852" ind1=" " ind2=" "><marc:subfield code="p">37741100011480</marc:subfield><marc:subfield code="a">Library</marc:subfield><marc:subfield code="9">$9.95</marc:subfield><marc:subfield code="x">COPYID:1220</marc:subfield><marc:subfield code="x">FSC@aRegular@c19960517</marc:subfield><marc:subfield code="h">220.601 H417b 1987</marc:subfield><marc:subfield code="z">B/T 4-92</marc:subfield></marc:datafield></marc:record>