
<marc:record><marc:leader>00829cam a2200241 i 4500</marc:leader>
<marc:controlfield tag="008">800123s1980    mau      b    00110 eng  </marc:controlfield>
<marc:datafield tag="010" ind1=" " ind2=" "><marc:subfield code="a">   80010529 //r83</marc:subfield></marc:datafield><marc:datafield tag="020" ind1=" " ind2=" "><marc:subfield code="a">0262021447 :</marc:subfield><marc:subfield code="c">$15.00</marc:subfield></marc:datafield><marc:datafield tag="040" ind1=" " ind2=" "><marc:subfield code="a">DLC</marc:subfield><marc:subfield code="c">DLC</marc:subfield><marc:subfield code="d">DLC</marc:subfield></marc:datafield><marc:datafield tag="050" ind1="0" ind2=" "><marc:subfield code="a">BS1171.2</marc:subfield><marc:subfield code="b">.B7</marc:subfield></marc:datafield><marc:datafield tag="082" ind1=" " ind2=" "><marc:subfield code="a">221.6</marc:subfield></marc:datafield><marc:datafield tag="100" ind1="1" ind2="0"><marc:subfield code="a">Brams, Steven J.</marc:subfield></marc:datafield><marc:datafield tag="245" ind1="1" ind2="0"><marc:subfield code="a">Biblical games :</marc:subfield><marc:subfield code="b">a strategic analysis of stories in the Old Testament /</marc:subfield><marc:subfield code="c">Steven J. Brams.</marc:subfield></marc:datafield><marc:datafield tag="260" ind1="0" ind2=" "><marc:subfield code="a">Cambridge, Mass. :</marc:subfield><marc:subfield code="b">MIT Press,</marc:subfield><marc:subfield code="c">c1980.</marc:subfield></marc:datafield><marc:datafield tag="300" ind1=" " ind2=" "><marc:subfield code="a">xi, 196 p. ;</marc:subfield><marc:subfield code="c">24 cm.</marc:subfield></marc:datafield><marc:datafield tag="504" ind1=" " ind2=" "><marc:subfield code="a">Includes bibliographical references and indexes.</marc:subfield></marc:datafield><marc:datafield tag="630" ind1="0" ind2="0"><marc:subfield code="a">Bible.</marc:subfield><marc:subfield code="p">O.T.</marc:subfield><marc:subfield code="x">Criticism, interpretation, etc.</marc:subfield></marc:datafield><marc:datafield tag="650" ind1=" " ind2="0"><marc:subfield code="a">Game theory.</marc:subfield></marc:datafield><marc:datafield tag="035" ind1=" " ind2=" "><marc:subfield code="a">(TxDaGIAL)37741100002735</marc:subfield></marc:datafield><marc:controlfield tag="005">20080624154633.0</marc:controlfield><marc:controlfield tag="001">1013</marc:controlfield><marc:controlfield tag="003">TxDaGIAL</marc:controlfield><marc:datafield tag="852" ind1=" " ind2=" "><marc:subfield code="p">37741100002735</marc:subfield><marc:subfield code="a">Library</marc:subfield><marc:subfield code="x">COPYID:1222</marc:subfield><marc:subfield code="x">FSC@aRegular@c19950323</marc:subfield><marc:subfield code="h">221.6 B815b 1980</marc:subfield><marc:subfield code="z">6396</marc:subfield></marc:datafield></marc:record>