
<marc:record><marc:leader>00762cam a2200229 a 4500</marc:leader>
<marc:controlfield tag="008">920226s1992    miu           001 0 eng  </marc:controlfield>
<marc:datafield tag="010" ind1=" " ind2=" "><marc:subfield code="a">   92009728 //r93</marc:subfield></marc:datafield><marc:datafield tag="020" ind1=" " ind2=" "><marc:subfield code="a">0802805981 (pbk.)</marc:subfield></marc:datafield><marc:datafield tag="040" ind1=" " ind2=" "><marc:subfield code="a">DLC</marc:subfield><marc:subfield code="c">DLC</marc:subfield><marc:subfield code="d">DLC</marc:subfield></marc:datafield><marc:datafield tag="050" ind1="0" ind2="0"><marc:subfield code="a">PJ4567.3</marc:subfield><marc:subfield code="b">.K43 1992</marc:subfield></marc:datafield><marc:datafield tag="082" ind1="0" ind2="0"><marc:subfield code="a">492.4/82421</marc:subfield><marc:subfield code="2">20</marc:subfield></marc:datafield><marc:datafield tag="100" ind1="1" ind2=" "><marc:subfield code="a">Kelley, Page H.</marc:subfield></marc:datafield><marc:datafield tag="245" ind1="1" ind2="0"><marc:subfield code="a">Biblical Hebrew :</marc:subfield><marc:subfield code="b">an introductory grammar /</marc:subfield><marc:subfield code="c">Page H. Kelley.</marc:subfield></marc:datafield><marc:datafield tag="260" ind1=" " ind2=" "><marc:subfield code="a">Grand Rapids, Mich. :</marc:subfield><marc:subfield code="b">W.B. Eerdmans,</marc:subfield><marc:subfield code="c">c1992.</marc:subfield></marc:datafield><marc:datafield tag="300" ind1=" " ind2=" "><marc:subfield code="a">xiv, 453 p. ;</marc:subfield><marc:subfield code="c">26 cm.</marc:subfield></marc:datafield><marc:datafield tag="500" ind1=" " ind2=" "><marc:subfield code="a">Includes index.</marc:subfield></marc:datafield><marc:datafield tag="650" ind1=" " ind2="0"><marc:subfield code="a">Hebrew language</marc:subfield><marc:subfield code="x">Grammar.</marc:subfield></marc:datafield><marc:datafield tag="035" ind1=" " ind2=" "><marc:subfield code="a">(TxDaGIAL)37741100000754</marc:subfield></marc:datafield><marc:controlfield tag="005">20080624154633.0</marc:controlfield><marc:controlfield tag="001">1014</marc:controlfield><marc:controlfield tag="003">TxDaGIAL</marc:controlfield><marc:datafield tag="852" ind1=" " ind2=" "><marc:subfield code="p">37741100000754</marc:subfield><marc:subfield code="a">Library</marc:subfield><marc:subfield code="9">$17.99</marc:subfield><marc:subfield code="x">COPYID:1223</marc:subfield><marc:subfield code="x">FSC@aRegular@c19950131</marc:subfield><marc:subfield code="h">492.48241 K29b 1992</marc:subfield><marc:subfield code="z">Eerdmans 12-16-94</marc:subfield></marc:datafield></marc:record>