
<marc:record><marc:leader>00769pam a2200241 a 4500</marc:leader>
<marc:controlfield tag="008">830110r1983    miu           00010 eng  </marc:controlfield>
<marc:datafield tag="010" ind1=" " ind2=" "><marc:subfield code="a">   83001427</marc:subfield></marc:datafield><marc:datafield tag="020" ind1=" " ind2=" "><marc:subfield code="a">0802819591 (pbk.)</marc:subfield></marc:datafield><marc:datafield tag="040" ind1=" " ind2=" "><marc:subfield code="a">DLC</marc:subfield><marc:subfield code="c">DLC</marc:subfield><marc:subfield code="d">DLC</marc:subfield></marc:datafield><marc:datafield tag="050" ind1="0" ind2=" "><marc:subfield code="a">BS480</marc:subfield><marc:subfield code="b">.M334 1983</marc:subfield></marc:datafield><marc:datafield tag="082" ind1="0" ind2=" "><marc:subfield code="a">220.1/3</marc:subfield><marc:subfield code="2">19</marc:subfield></marc:datafield><marc:datafield tag="100" ind1="1" ind2="0"><marc:subfield code="a">Marshall, I. Howard.</marc:subfield></marc:datafield><marc:datafield tag="245" ind1="1" ind2="0"><marc:subfield code="a">Biblical inspiration /</marc:subfield><marc:subfield code="c">I. Howard Marshall.</marc:subfield></marc:datafield><marc:datafield tag="250" ind1=" " ind2=" "><marc:subfield code="a">1st American ed.</marc:subfield></marc:datafield><marc:datafield tag="260" ind1="0" ind2=" "><marc:subfield code="a">Grand Rapids, Mich. :</marc:subfield><marc:subfield code="b">Eerdmans Pub. Co.,</marc:subfield><marc:subfield code="c">1983, c1982.</marc:subfield></marc:datafield><marc:datafield tag="300" ind1=" " ind2=" "><marc:subfield code="a">125 p. ;</marc:subfield><marc:subfield code="c">21 cm.</marc:subfield></marc:datafield><marc:datafield tag="630" ind1="0" ind2="0"><marc:subfield code="a">Bible</marc:subfield><marc:subfield code="x">Inspiration.</marc:subfield></marc:datafield><marc:datafield tag="630" ind1="0" ind2="0"><marc:subfield code="a">Bible</marc:subfield><marc:subfield code="x">Criticism, interpretation, etc.</marc:subfield></marc:datafield><marc:datafield tag="035" ind1=" " ind2=" "><marc:subfield code="a">(TxDaGIAL)37741100001418</marc:subfield></marc:datafield><marc:controlfield tag="005">20080624154634.0</marc:controlfield><marc:controlfield tag="001">1017</marc:controlfield><marc:controlfield tag="003">TxDaGIAL</marc:controlfield><marc:datafield tag="852" ind1=" " ind2=" "><marc:subfield code="p">37741100001418</marc:subfield><marc:subfield code="a">Library</marc:subfield><marc:subfield code="x">COPYID:1226</marc:subfield><marc:subfield code="x">FSC@aRegular@c19950209</marc:subfield><marc:subfield code="h">220.13 M365b 1983</marc:subfield><marc:subfield code="z">9301</marc:subfield></marc:datafield></marc:record>