
<marc:record><marc:leader>01585nam a22002891  4500</marc:leader>
<marc:controlfield tag="008">940915s1985    tnu           001 0 eng d</marc:controlfield>
<marc:datafield tag="010" ind1=" " ind2=" "><marc:subfield code="a">85-158477</marc:subfield></marc:datafield><marc:datafield tag="020" ind1=" " ind2=" "><marc:subfield code="a">0840775016 (pbk.) :</marc:subfield><marc:subfield code="c">$7.95</marc:subfield></marc:datafield><marc:datafield tag="040" ind1=" " ind2=" "><marc:subfield code="a">DLC</marc:subfield><marc:subfield code="c">SILD</marc:subfield><marc:subfield code="d">SILD</marc:subfield></marc:datafield><marc:datafield tag="050" ind1="0" ind2="0"><marc:subfield code="a">BS476</marc:subfield><marc:subfield code="b">.B495 1985</marc:subfield></marc:datafield><marc:datafield tag="082" ind1="0" ind2="0"><marc:subfield code="a">220.6/01</marc:subfield><marc:subfield code="2">20</marc:subfield></marc:datafield><marc:datafield tag="245" ind1="0" ind2="0"><marc:subfield code="a">Biblical interpretation and the church :</marc:subfield><marc:subfield code="b">the problem of contextualization /</marc:subfield><marc:subfield code="c">edited by D.A. Carson.</marc:subfield></marc:datafield><marc:datafield tag="260" ind1=" " ind2=" "><marc:subfield code="a">Nashville :</marc:subfield><marc:subfield code="b">T. Nelson Publishers,</marc:subfield><marc:subfield code="c">1985, c1984.</marc:subfield></marc:datafield><marc:datafield tag="300" ind1=" " ind2=" "><marc:subfield code="a">240 p. ;</marc:subfield><marc:subfield code="c">22 cm.</marc:subfield></marc:datafield><marc:datafield tag="504" ind1=" " ind2=" "><marc:subfield code="a">Includes bibliographies and indexes.</marc:subfield></marc:datafield><marc:datafield tag="505" ind1="0" ind2=" "><marc:subfield code="a">CONTENTS: A sketch of the factors determining current hermeneutical debate in cross-cultural contexts / D.A. Carson -- The Church and the kingdom of God / R.T. France -- The Church in the Gospel of Matthew / Gerhard Maier -- Interpreting the biblical models of the Church / Edmund P. Clowney -- Principalities and powers / Peter T. O'Brien -- The Church in African theology / Tite Tienou -- The Church in the liberation theology of Gutierrez / Emilio A. Nunez -- Social justice / Russell P. Shedd.</marc:subfield></marc:datafield><marc:datafield tag="500" ind1=" " ind2=" "><marc:subfield code="a">Originally published: Exeter : Paternoster Press, c1984.</marc:subfield></marc:datafield><marc:datafield tag="650" ind1=" " ind2="0"><marc:subfield code="a">Church.</marc:subfield></marc:datafield><marc:datafield tag="630" ind1="0" ind2="0"><marc:subfield code="a">Bible</marc:subfield><marc:subfield code="x">Hermeneutics.</marc:subfield></marc:datafield><marc:datafield tag="650" ind1=" " ind2="0"><marc:subfield code="a">Christianity and culture.</marc:subfield></marc:datafield><marc:datafield tag="700" ind1="1" ind2="0"><marc:subfield code="a">Carson, D. A.</marc:subfield></marc:datafield><marc:datafield tag="035" ind1=" " ind2=" "><marc:subfield code="a">(TxDaGIAL)37741100000412</marc:subfield></marc:datafield><marc:controlfield tag="005">20080624154635.0</marc:controlfield><marc:controlfield tag="001">1019</marc:controlfield><marc:controlfield tag="003">TxDaGIAL</marc:controlfield><marc:datafield tag="852" ind1=" " ind2=" "><marc:subfield code="p">37741100000412</marc:subfield><marc:subfield code="a">Library</marc:subfield><marc:subfield code="x">COPYID:1228</marc:subfield><marc:subfield code="x">FSC@aRegular@c19940101</marc:subfield><marc:subfield code="h">220.601 B582c 1985</marc:subfield><marc:subfield code="z">recat 9/94</marc:subfield></marc:datafield><marc:datafield tag="852" ind1=" " ind2=" "><marc:subfield code="p">37741100022543</marc:subfield><marc:subfield code="a">Library</marc:subfield><marc:subfield code="9">$0.00</marc:subfield><marc:subfield code="x">COPYID:1229</marc:subfield><marc:subfield code="x">FSC@aRegular@c19981006</marc:subfield><marc:subfield code="h">220.601 B582c 1985</marc:subfield><marc:subfield code="z">Gift SIL-Translation Dept. 1-97</marc:subfield></marc:datafield></marc:record>