
<marc:record><marc:leader>01026nam a2200277 a 4500</marc:leader>
<marc:controlfield tag="008">881116s1989    cou      b    00000 eng  </marc:controlfield>
<marc:datafield tag="010" ind1=" " ind2=" "><marc:subfield code="a">   88063590</marc:subfield></marc:datafield><marc:datafield tag="020" ind1=" " ind2=" "><marc:subfield code="a">089109556X</marc:subfield></marc:datafield><marc:datafield tag="040" ind1=" " ind2=" "><marc:subfield code="a">DLC</marc:subfield><marc:subfield code="c">DLC</marc:subfield></marc:datafield><marc:datafield tag="050" ind1="0" ind2=" "><marc:subfield code="a">HF5387</marc:subfield><marc:subfield code="b">.B5 1989</marc:subfield></marc:datafield><marc:datafield tag="082" ind1="0" ind2=" "><marc:subfield code="a">174/.4</marc:subfield><marc:subfield code="2">20</marc:subfield></marc:datafield><marc:datafield tag="245" ind1="0" ind2="0"><marc:subfield code="a">Biblical principles and business :</marc:subfield><marc:subfield code="b">the foundations /</marc:subfield><marc:subfield code="c">Richard C. Chewning, editor ; [contributors, Kenneth S. Kantzer ... et al.].</marc:subfield></marc:datafield><marc:datafield tag="260" ind1="0" ind2=" "><marc:subfield code="a">Colorado Springs, Colo. :</marc:subfield><marc:subfield code="b">NavPress,</marc:subfield><marc:subfield code="c">c1989.</marc:subfield></marc:datafield><marc:datafield tag="300" ind1=" " ind2=" "><marc:subfield code="a">304 p. ;</marc:subfield><marc:subfield code="c">23 cm.</marc:subfield></marc:datafield><marc:datafield tag="440" ind1=" " ind2="0"><marc:subfield code="a">Christians in the marketplace series ;</marc:subfield><marc:subfield code="v">v. 1</marc:subfield></marc:datafield><marc:datafield tag="500" ind1=" " ind2=" "><marc:subfield code="a">Cover title: Biblical principles &amp; business.</marc:subfield></marc:datafield><marc:datafield tag="504" ind1=" " ind2=" "><marc:subfield code="a">Includes bibliographical references.</marc:subfield></marc:datafield><marc:datafield tag="650" ind1=" " ind2="0"><marc:subfield code="a">Business ethics.</marc:subfield></marc:datafield><marc:datafield tag="650" ind1=" " ind2="0"><marc:subfield code="a">Business</marc:subfield><marc:subfield code="x">Biblical teaching.</marc:subfield></marc:datafield><marc:datafield tag="700" ind1="1" ind2="0"><marc:subfield code="a">Chewning, Richard C.</marc:subfield></marc:datafield><marc:datafield tag="740" ind1="0" ind2="1"><marc:subfield code="a">Biblical principles &amp; business.</marc:subfield></marc:datafield><marc:datafield tag="035" ind1=" " ind2=" "><marc:subfield code="a">(TxDaGIAL)37741100006593</marc:subfield></marc:datafield><marc:controlfield tag="005">20080624154635.0</marc:controlfield><marc:controlfield tag="001">1021</marc:controlfield><marc:controlfield tag="003">TxDaGIAL</marc:controlfield><marc:datafield tag="852" ind1=" " ind2=" "><marc:subfield code="p">37741100006593</marc:subfield><marc:subfield code="a">Library</marc:subfield><marc:subfield code="x">COPYID:1231</marc:subfield><marc:subfield code="x">FSC@aRegular@c19950807</marc:subfield><marc:subfield code="h">174.4 B582c 1989</marc:subfield><marc:subfield code="z">David Spaeth gift 6-93</marc:subfield></marc:datafield></marc:record>