
<marc:record><marc:leader>00723nam a2200217   4500</marc:leader>
<marc:controlfield tag="008">710726s1971    ilu      b    00110 eng  </marc:controlfield>
<marc:datafield tag="010" ind1=" " ind2=" "><marc:subfield code="a">   70143479</marc:subfield></marc:datafield><marc:datafield tag="040" ind1=" " ind2=" "><marc:subfield code="a">DLC</marc:subfield><marc:subfield code="c">DLC</marc:subfield><marc:subfield code="d">TxDaGIAL</marc:subfield></marc:datafield><marc:datafield tag="050" ind1="0" ind2=" "><marc:subfield code="a">BS480</marc:subfield><marc:subfield code="b">.P618</marc:subfield></marc:datafield><marc:datafield tag="082" ind1=" " ind2=" "><marc:subfield code="a">220.1</marc:subfield></marc:datafield><marc:datafield tag="100" ind1="1" ind2="0"><marc:subfield code="a">Pinnock, Clark H.,</marc:subfield><marc:subfield code="d">1937-</marc:subfield></marc:datafield><marc:datafield tag="245" ind1="1" ind2="0"><marc:subfield code="a">Biblical revelation, the foundation of Christian theology /</marc:subfield><marc:subfield code="c">by Clark H. Pinnock.</marc:subfield></marc:datafield><marc:datafield tag="260" ind1="0" ind2=" "><marc:subfield code="a">Chicago :</marc:subfield><marc:subfield code="b">Moody Press,</marc:subfield><marc:subfield code="c">[1971]</marc:subfield></marc:datafield><marc:datafield tag="300" ind1=" " ind2=" "><marc:subfield code="a">256 p. ;</marc:subfield><marc:subfield code="c">22 cm.</marc:subfield></marc:datafield><marc:datafield tag="504" ind1=" " ind2=" "><marc:subfield code="a">Bibliography: p. 231-250.</marc:subfield></marc:datafield><marc:datafield tag="630" ind1="0" ind2="0"><marc:subfield code="a">Bible</marc:subfield><marc:subfield code="x">Inspiration.</marc:subfield></marc:datafield><marc:datafield tag="035" ind1=" " ind2=" "><marc:subfield code="a">(TxDaGIAL)37741100011476</marc:subfield></marc:datafield><marc:controlfield tag="005">20080624154636.0</marc:controlfield><marc:controlfield tag="001">1022</marc:controlfield><marc:controlfield tag="003">TxDaGIAL</marc:controlfield><marc:datafield tag="852" ind1=" " ind2=" "><marc:subfield code="p">37741100011476</marc:subfield><marc:subfield code="a">Library</marc:subfield><marc:subfield code="b">John Beekman Tran Li</marc:subfield><marc:subfield code="x">COPYID:1232</marc:subfield><marc:subfield code="x">FSC@aRegular@c19960517</marc:subfield><marc:subfield code="h">220.1 P656b 1971</marc:subfield><marc:subfield code="z">7381</marc:subfield></marc:datafield></marc:record>