
<marc:record><marc:leader>00760pam a2200229 a 4500</marc:leader>
<marc:controlfield tag="008">810720s1981    nyu      b    00110 eng  </marc:controlfield>
<marc:datafield tag="010" ind1=" " ind2=" "><marc:subfield code="a">   81052183</marc:subfield></marc:datafield><marc:datafield tag="020" ind1=" " ind2=" "><marc:subfield code="a">0312077963 :</marc:subfield><marc:subfield code="c">$27.50</marc:subfield></marc:datafield><marc:datafield tag="040" ind1=" " ind2=" "><marc:subfield code="a">DLC</marc:subfield><marc:subfield code="c">DLC</marc:subfield><marc:subfield code="d">DLC</marc:subfield></marc:datafield><marc:datafield tag="050" ind1="0" ind2=" "><marc:subfield code="a">BS537</marc:subfield><marc:subfield code="b">.G5 1981</marc:subfield></marc:datafield><marc:datafield tag="082" ind1="0" ind2=" "><marc:subfield code="a">220.6</marc:subfield><marc:subfield code="2">19</marc:subfield></marc:datafield><marc:datafield tag="100" ind1="1" ind2="0"><marc:subfield code="a">Gibson, Arthur,</marc:subfield><marc:subfield code="d">1922-</marc:subfield></marc:datafield><marc:datafield tag="245" ind1="1" ind2="0"><marc:subfield code="a">Biblical semantic logic :</marc:subfield><marc:subfield code="b">a preliminary analysis /</marc:subfield><marc:subfield code="c">Arthur Gibson.</marc:subfield></marc:datafield><marc:datafield tag="260" ind1="0" ind2=" "><marc:subfield code="a">New York :</marc:subfield><marc:subfield code="b">St. Martin's Press,</marc:subfield><marc:subfield code="c">1981.</marc:subfield></marc:datafield><marc:datafield tag="300" ind1=" " ind2=" "><marc:subfield code="a">xi, 244 p. ;</marc:subfield><marc:subfield code="c">24 cm.</marc:subfield></marc:datafield><marc:datafield tag="504" ind1=" " ind2=" "><marc:subfield code="a">Include bibliographical references and indexes.</marc:subfield></marc:datafield><marc:datafield tag="630" ind1="0" ind2="0"><marc:subfield code="a">Bible</marc:subfield><marc:subfield code="x">Language, style.</marc:subfield></marc:datafield><marc:datafield tag="035" ind1=" " ind2=" "><marc:subfield code="a">(TxDaGIAL)37741100002517</marc:subfield></marc:datafield><marc:controlfield tag="005">20080624154636.0</marc:controlfield><marc:controlfield tag="001">1023</marc:controlfield><marc:controlfield tag="003">TxDaGIAL</marc:controlfield><marc:datafield tag="852" ind1=" " ind2=" "><marc:subfield code="p">37741100002517</marc:subfield><marc:subfield code="a">Library</marc:subfield><marc:subfield code="x">COPYID:1233</marc:subfield><marc:subfield code="x">FSC@aRegular@c19950320</marc:subfield><marc:subfield code="h">220.6 G448b 1981</marc:subfield><marc:subfield code="z">9887</marc:subfield></marc:datafield></marc:record>