
<marc:record><marc:leader>01047cam a2200277 i 4500</marc:leader>
<marc:controlfield tag="008">780117s1977    paua     b    00110 eng  </marc:controlfield>
<marc:datafield tag="010" ind1=" " ind2=" "><marc:subfield code="a">   76015895 //r83</marc:subfield></marc:datafield><marc:datafield tag="020" ind1=" " ind2=" "><marc:subfield code="a">0800615069 :</marc:subfield><marc:subfield code="c">$5.95</marc:subfield></marc:datafield><marc:datafield tag="040" ind1=" " ind2=" "><marc:subfield code="a">DLC</marc:subfield><marc:subfield code="c">DLC</marc:subfield></marc:datafield><marc:datafield tag="050" ind1="0" ind2=" "><marc:subfield code="a">BS1415.2</marc:subfield><marc:subfield code="b">.P64</marc:subfield></marc:datafield><marc:datafield tag="082" ind1=" " ind2=" "><marc:subfield code="a">808</marc:subfield></marc:datafield><marc:datafield tag="100" ind1="1" ind2="0"><marc:subfield code="a">Polzin, Robert.</marc:subfield></marc:datafield><marc:datafield tag="245" ind1="1" ind2="0"><marc:subfield code="a">Biblical structuralism :</marc:subfield><marc:subfield code="b">method and subjectivity in the study of ancient texts /</marc:subfield><marc:subfield code="c">by Robert M. Polzin.</marc:subfield></marc:datafield><marc:datafield tag="260" ind1="0" ind2=" "><marc:subfield code="a">Philadelphia :</marc:subfield><marc:subfield code="b">Fortress Press,</marc:subfield><marc:subfield code="c">c1977.</marc:subfield></marc:datafield><marc:datafield tag="300" ind1=" " ind2=" "><marc:subfield code="a">vii, 216 p. :</marc:subfield><marc:subfield code="b">ill. ;</marc:subfield><marc:subfield code="c">22 cm.</marc:subfield></marc:datafield><marc:datafield tag="440" ind1=" " ind2="0"><marc:subfield code="a">Semeia supplements</marc:subfield></marc:datafield><marc:datafield tag="504" ind1=" " ind2=" "><marc:subfield code="a">Bibliography: p. 202-214.</marc:subfield></marc:datafield><marc:datafield tag="500" ind1=" " ind2=" "><marc:subfield code="a">Includes index.</marc:subfield></marc:datafield><marc:datafield tag="630" ind1="0" ind2="0"><marc:subfield code="a">Bible.</marc:subfield><marc:subfield code="p">O.T.</marc:subfield><marc:subfield code="p">Job</marc:subfield><marc:subfield code="x">Criticism, interpretation, etc.</marc:subfield></marc:datafield><marc:datafield tag="650" ind1=" " ind2="0"><marc:subfield code="a">Structuralism (Literary analysis)</marc:subfield></marc:datafield><marc:datafield tag="035" ind1=" " ind2=" "><marc:subfield code="a">(TxDaGIAL)37741100005567</marc:subfield></marc:datafield><marc:controlfield tag="005">20080624154636.0</marc:controlfield><marc:controlfield tag="001">1024</marc:controlfield><marc:controlfield tag="003">TxDaGIAL</marc:controlfield><marc:datafield tag="852" ind1=" " ind2=" "><marc:subfield code="p">37741100005567</marc:subfield><marc:subfield code="a">Library</marc:subfield><marc:subfield code="9">$5.95</marc:subfield><marc:subfield code="x">COPYID:1234</marc:subfield><marc:subfield code="x">FSC@aRegular@c19950706</marc:subfield><marc:subfield code="h">808 P783b 1977</marc:subfield><marc:subfield code="z">7384</marc:subfield></marc:datafield><marc:datafield tag="852" ind1=" " ind2=" "><marc:subfield code="p">37741100005568</marc:subfield><marc:subfield code="a">Library</marc:subfield><marc:subfield code="b">John Beekman Tran Li</marc:subfield><marc:subfield code="9">$5.95</marc:subfield><marc:subfield code="x">COPYID:1235</marc:subfield><marc:subfield code="x">FSC@aRegular@c19950706</marc:subfield><marc:subfield code="h">808 P783b 1977</marc:subfield><marc:subfield code="z">7659</marc:subfield></marc:datafield></marc:record>