
<marc:record><marc:leader>00940nam a22002411  4500</marc:leader>
<marc:controlfield tag="008">950323s1966    miu           000 0 eng d</marc:controlfield>
<marc:datafield tag="010" ind1=" " ind2=" "><marc:subfield code="a">   66019312</marc:subfield></marc:datafield><marc:datafield tag="020" ind1=" " ind2=" "><marc:subfield code="a">0801069157</marc:subfield></marc:datafield><marc:datafield tag="040" ind1=" " ind2=" "><marc:subfield code="a">DLC</marc:subfield><marc:subfield code="c">DLC</marc:subfield><marc:subfield code="d">DLC</marc:subfield><marc:subfield code="d">TxDaGIAL</marc:subfield></marc:datafield><marc:datafield tag="050" ind1="0" ind2="0"><marc:subfield code="a">BS622</marc:subfield><marc:subfield code="b">.P4</marc:subfield></marc:datafield><marc:datafield tag="082" ind1="0" ind2="0"><marc:subfield code="a">220.9303</marc:subfield></marc:datafield><marc:datafield tag="245" ind1="0" ind2="4"><marc:subfield code="a">The Biblical world :</marc:subfield><marc:subfield code="b">a dictionary of Biblical archaeology /</marc:subfield><marc:subfield code="c">edited by Charles F Pfeiffer.  Consulting Editors: E. Leslie, Claude F. A. Schaeffer and J. A. Thompson.</marc:subfield></marc:datafield><marc:datafield tag="260" ind1=" " ind2=" "><marc:subfield code="a">Grand Rapids, Mich. :</marc:subfield><marc:subfield code="b">Baker Book House,</marc:subfield><marc:subfield code="c">c1966, 1972 printing.</marc:subfield></marc:datafield><marc:datafield tag="300" ind1=" " ind2=" "><marc:subfield code="a">640 p. :</marc:subfield><marc:subfield code="b">ill, maps ;</marc:subfield><marc:subfield code="c">25 cm.</marc:subfield></marc:datafield><marc:datafield tag="504" ind1=" " ind2=" "><marc:subfield code="a">Includes bibliographies and index.</marc:subfield></marc:datafield><marc:datafield tag="630" ind1="0" ind2="0"><marc:subfield code="a">Bible</marc:subfield><marc:subfield code="x">Antiquities</marc:subfield><marc:subfield code="v">Dictionaries.</marc:subfield></marc:datafield><marc:datafield tag="651" ind1=" " ind2="0"><marc:subfield code="a">Middle East</marc:subfield><marc:subfield code="x">Antiquities</marc:subfield><marc:subfield code="v">Dictionaries.</marc:subfield></marc:datafield><marc:datafield tag="700" ind1="1" ind2="0"><marc:subfield code="a">Pfeiffer, Charles F.</marc:subfield></marc:datafield><marc:datafield tag="035" ind1=" " ind2=" "><marc:subfield code="a">(TxDaGIAL)37741100002723</marc:subfield></marc:datafield><marc:controlfield tag="005">20080624154637.0</marc:controlfield><marc:controlfield tag="001">1025</marc:controlfield><marc:controlfield tag="003">TxDaGIAL</marc:controlfield><marc:datafield tag="852" ind1=" " ind2=" "><marc:subfield code="p">37741100002723</marc:subfield><marc:subfield code="a">Library</marc:subfield><marc:subfield code="x">COPYID:1236</marc:subfield><marc:subfield code="x">FSC@aRegular@c19950323</marc:subfield><marc:subfield code="h">220.9303 B582p 1966</marc:subfield><marc:subfield code="z">250</marc:subfield></marc:datafield></marc:record>