
<marc:record><marc:leader>01112Qam a2200277 a 4500</marc:leader>
<marc:controlfield tag="008">731024s1954    gw            000 0 por  </marc:controlfield>
<marc:datafield tag="010" ind1=" " ind2=" "><marc:subfield code="a">   72426460</marc:subfield></marc:datafield><marc:datafield tag="035" ind1=" " ind2=" "><marc:subfield code="a">(CU-UC)1365249</marc:subfield></marc:datafield><marc:datafield tag="040" ind1=" " ind2=" "><marc:subfield code="a">NA</marc:subfield><marc:subfield code="c">CU-SC</marc:subfield></marc:datafield><marc:datafield tag="041" ind1=" " ind2=" "><marc:subfield code="a">porengger</marc:subfield></marc:datafield><marc:datafield tag="100" ind1="1" ind2=" "><marc:subfield code="a">Baldus, Herbert,</marc:subfield><marc:subfield code="d">1899-1970.</marc:subfield></marc:datafield><marc:datafield tag="245" ind1="1" ind2="0"><marc:subfield code="a">Bibliografia crtica da etnologia brasileira.</marc:subfield></marc:datafield><marc:datafield tag="260" ind1=" " ind2=" "><marc:subfield code="a">So Paulo,</marc:subfield><marc:subfield code="c">1954. ;</marc:subfield><marc:subfield code="a">Nendeln/Liechtenstein :</marc:subfield><marc:subfield code="b">Kraus Reprint,</marc:subfield><marc:subfield code="c">1968-70 [v.1, 1970]</marc:subfield></marc:datafield><marc:datafield tag="300" ind1=" " ind2=" "><marc:subfield code="a">v. &lt; -2&gt; :</marc:subfield><marc:subfield code="b">illus.</marc:subfield></marc:datafield><marc:datafield tag="490" ind1="1" ind2=" "><marc:subfield code="a">Vlkerkundliche Abhandlungen ;</marc:subfield><marc:subfield code="v">Bd.3-4.</marc:subfield></marc:datafield><marc:datafield tag="500" ind1=" " ind2=" "><marc:subfield code="a">Vol.2, a new work, has imprint: Hannover, Komissionsverlag Mnstermann-Druck, 1968.</marc:subfield></marc:datafield><marc:datafield tag="500" ind1=" " ind2=" "><marc:subfield code="a">Vol.1 has introductory matter in Portuguese and English; vol.2, in Portuguese, English and German.</marc:subfield></marc:datafield><marc:datafield tag="546" ind1=" " ind2=" "><marc:subfield code="a">Portuguese.</marc:subfield></marc:datafield><marc:datafield tag="650" ind1=" " ind2="0"><marc:subfield code="a">Ethnology</marc:subfield><marc:subfield code="z">Brazil</marc:subfield><marc:subfield code="v">Bibliography.</marc:subfield></marc:datafield><marc:datafield tag="650" ind1=" " ind2="0"><marc:subfield code="a">Indians of South America</marc:subfield><marc:subfield code="z">Brazil</marc:subfield><marc:subfield code="v">Bibliography.</marc:subfield></marc:datafield><marc:datafield tag="830" ind1=" " ind2="0"><marc:subfield code="a">Vlkerkundliche Abhandlungen ;</marc:subfield><marc:subfield code="v">Bd.3-4.</marc:subfield></marc:datafield><marc:datafield tag="035" ind1=" " ind2=" "><marc:subfield code="a">(TxDaGIAL)37741100016931</marc:subfield></marc:datafield><marc:controlfield tag="005">20080624154637.0</marc:controlfield><marc:controlfield tag="001">1026</marc:controlfield><marc:controlfield tag="003">TxDaGIAL</marc:controlfield><marc:datafield tag="852" ind1=" " ind2=" "><marc:subfield code="p">37741100016931</marc:subfield><marc:subfield code="a">Library</marc:subfield><marc:subfield code="x">COPYID:1237</marc:subfield><marc:subfield code="x">FSC@aRegular@c19970421</marc:subfield><marc:subfield code="h">016.9810089 B179b 1968</marc:subfield></marc:datafield></marc:record>