
<marc:record><marc:leader>00981nam a2200277Ii 4500</marc:leader>
<marc:controlfield tag="008">711102 1960    ck                  spa u</marc:controlfield>
<marc:datafield tag="010" ind1=" " ind2=" "><marc:subfield code="a">   61046796</marc:subfield></marc:datafield><marc:datafield tag="035" ind1=" " ind2=" "><marc:subfield code="a">(CU-UC)356910</marc:subfield></marc:datafield><marc:datafield tag="040" ind1=" " ind2=" "><marc:subfield code="c">OUN</marc:subfield><marc:subfield code="d">CLU</marc:subfield></marc:datafield><marc:datafield tag="050" ind1=" " ind2=" "><marc:subfield code="a">Z1008</marc:subfield><marc:subfield code="b">.C685 no. 1</marc:subfield></marc:datafield><marc:datafield tag="100" ind1="1" ind2="0"><marc:subfield code="a">Giraldo Jaramillo, Gabriel.</marc:subfield></marc:datafield><marc:datafield tag="245" ind1="1" ind2="0"><marc:subfield code="a">Bibliografa de bibliografas colombianas.</marc:subfield></marc:datafield><marc:datafield tag="250" ind1=" " ind2=" "><marc:subfield code="a">2. ed. corr. y puesta al da /</marc:subfield><marc:subfield code="b">por Rubn Prez Ortiz.</marc:subfield></marc:datafield><marc:datafield tag="260" ind1="0" ind2=" "><marc:subfield code="a">Bogot,</marc:subfield><marc:subfield code="c">1960.</marc:subfield></marc:datafield><marc:datafield tag="300" ind1=" " ind2=" "><marc:subfield code="a">xvi, 204 p. ;</marc:subfield><marc:subfield code="c">23 cm.</marc:subfield></marc:datafield><marc:datafield tag="440" ind1=" " ind2="0"><marc:subfield code="a">Publicaciones del Instituto Caro y Cuervo.</marc:subfield><marc:subfield code="p">Serie bibliogrfica ;</marc:subfield><marc:subfield code="v">1.</marc:subfield></marc:datafield><marc:datafield tag="546" ind1=" " ind2=" "><marc:subfield code="a">Spanish.</marc:subfield></marc:datafield><marc:datafield tag="650" ind1=" " ind2="0"><marc:subfield code="a">Bibliography of bibliographies</marc:subfield><marc:subfield code="z">Colombia.</marc:subfield></marc:datafield><marc:datafield tag="650" ind1=" " ind2="0"><marc:subfield code="a">Bibliographical literature</marc:subfield><marc:subfield code="v">Bibliography</marc:subfield><marc:subfield code="z">Colombia.</marc:subfield></marc:datafield><marc:datafield tag="651" ind1=" " ind2="0"><marc:subfield code="a">Colombia</marc:subfield><marc:subfield code="v">Bibliography.</marc:subfield></marc:datafield><marc:datafield tag="700" ind1="1" ind2="0"><marc:subfield code="a">Prez Ortiz, Rubn,</marc:subfield><marc:subfield code="d">1914-</marc:subfield></marc:datafield><marc:datafield tag="035" ind1=" " ind2=" "><marc:subfield code="a">(TxDaGIAL)37741100018447</marc:subfield></marc:datafield><marc:controlfield tag="005">20080624154637.0</marc:controlfield><marc:controlfield tag="001">1027</marc:controlfield><marc:controlfield tag="003">TxDaGIAL</marc:controlfield><marc:datafield tag="852" ind1=" " ind2=" "><marc:subfield code="p">37741100018447</marc:subfield><marc:subfield code="a">Library</marc:subfield><marc:subfield code="x">COPYID:1238</marc:subfield><marc:subfield code="x">FSC@aRegular@c19970619</marc:subfield><marc:subfield code="h">016.9861 G516b 1961</marc:subfield><marc:subfield code="z">2300</marc:subfield></marc:datafield></marc:record>