
<marc:record><marc:leader>00897cam a2200217 i 4500</marc:leader>
<marc:controlfield tag="008">790130s1964    pe       b    00110 spa  </marc:controlfield>
<marc:datafield tag="040" ind1=" " ind2=" "><marc:subfield code="a">TxDaGIAL</marc:subfield><marc:subfield code="c">TxDaGIAL</marc:subfield></marc:datafield><marc:datafield tag="041" ind1="0" ind2=" "><marc:subfield code="a">spaengsai</marc:subfield><marc:subfield code="h">spa</marc:subfield></marc:datafield><marc:datafield tag="043" ind1=" " ind2=" "><marc:subfield code="a">s-pe---</marc:subfield></marc:datafield><marc:datafield tag="110" ind1="2" ind2="0"><marc:subfield code="a">Summer Institute of Linguistics.</marc:subfield></marc:datafield><marc:datafield tag="245" ind1="1" ind2="0"><marc:subfield code="a">Bibliografia de obras sobre, Temas generales y especializados y materiales didcticos del Instituto Linguistico de Verano en el Per 1964 /</marc:subfield><marc:subfield code="c">recopilacin de Mary Ruth Wise.</marc:subfield></marc:datafield><marc:datafield tag="260" ind1="0" ind2=" "><marc:subfield code="a">Lima :</marc:subfield><marc:subfield code="b">Ministerio de Educacin Pblica,</marc:subfield><marc:subfield code="c">1964.</marc:subfield></marc:datafield><marc:datafield tag="300" ind1=" " ind2=" "><marc:subfield code="a">24 p. ;</marc:subfield><marc:subfield code="c">23 cm.</marc:subfield></marc:datafield><marc:datafield tag="650" ind1=" " ind2="0"><marc:subfield code="a">Indians of South America</marc:subfield><marc:subfield code="x">Languages</marc:subfield><marc:subfield code="z">Peru</marc:subfield><marc:subfield code="v">Bibliography.</marc:subfield></marc:datafield><marc:datafield tag="651" ind1=" " ind2="0"><marc:subfield code="a">Peru</marc:subfield><marc:subfield code="x">Languages</marc:subfield><marc:subfield code="v">Bibliography.</marc:subfield></marc:datafield><marc:datafield tag="700" ind1="1" ind2="0"><marc:subfield code="a">Wise S., Mary Ruth.</marc:subfield></marc:datafield><marc:datafield tag="035" ind1=" " ind2=" "><marc:subfield code="a">(TxDaGIAL)37741100013062</marc:subfield></marc:datafield><marc:controlfield tag="005">20080624154637.0</marc:controlfield><marc:controlfield tag="001">1028</marc:controlfield><marc:controlfield tag="003">TxDaGIAL</marc:controlfield><marc:datafield tag="852" ind1=" " ind2=" "><marc:subfield code="p">37741100013062</marc:subfield><marc:subfield code="a">Library</marc:subfield><marc:subfield code="9">$0.00</marc:subfield><marc:subfield code="x">COPYID:1239</marc:subfield><marc:subfield code="x">FSC@aRegular@c19960905</marc:subfield><marc:subfield code="h">016.4983 S955p 1964</marc:subfield><marc:subfield code="z">gift A. Wares 3-93</marc:subfield></marc:datafield></marc:record>