
<marc:record><marc:leader>00735nam a2200229I  4500</marc:leader>
<marc:controlfield tag="008">760223s1951    ck       b    00000 spam </marc:controlfield>
<marc:datafield tag="010" ind1=" " ind2=" "><marc:subfield code="a">   52030373</marc:subfield></marc:datafield><marc:datafield tag="035" ind1=" " ind2=" "><marc:subfield code="a">(CU-UC)2114349</marc:subfield></marc:datafield><marc:datafield tag="040" ind1=" " ind2=" "><marc:subfield code="a">DLC</marc:subfield><marc:subfield code="c">FGM</marc:subfield><marc:subfield code="d">CLU</marc:subfield></marc:datafield><marc:datafield tag="050" ind1=" " ind2=" "><marc:subfield code="a">Z8204</marc:subfield><marc:subfield code="b">.T6</marc:subfield></marc:datafield><marc:datafield tag="100" ind1="1" ind2="0"><marc:subfield code="a">Torres Quintero, Rafael.</marc:subfield></marc:datafield><marc:datafield tag="245" ind1="1" ind2="0"><marc:subfield code="a">Bibliografa de Rufino Jos Cuervo.</marc:subfield></marc:datafield><marc:datafield tag="260" ind1="1" ind2=" "><marc:subfield code="a">Bogot,</marc:subfield><marc:subfield code="c">1951.</marc:subfield></marc:datafield><marc:datafield tag="300" ind1=" " ind2=" "><marc:subfield code="a">104 p. ;</marc:subfield><marc:subfield code="c">21 cm.</marc:subfield></marc:datafield><marc:datafield tag="440" ind1=" " ind2="0"><marc:subfield code="a">Publicaciones del Instituto Caro y Cuervo.</marc:subfield><marc:subfield code="p">Series minor ;</marc:subfield><marc:subfield code="v">2</marc:subfield></marc:datafield><marc:datafield tag="546" ind1=" " ind2=" "><marc:subfield code="a">Spanish.</marc:subfield></marc:datafield><marc:datafield tag="600" ind1="1" ind2="0"><marc:subfield code="a">Cuervo, Rufino Jos,</marc:subfield><marc:subfield code="d">1844-1911</marc:subfield><marc:subfield code="v">Bibliography.</marc:subfield></marc:datafield><marc:datafield tag="035" ind1=" " ind2=" "><marc:subfield code="a">(TxDaGIAL)37741100014265</marc:subfield></marc:datafield><marc:controlfield tag="005">20080624154637.0</marc:controlfield><marc:controlfield tag="001">1029</marc:controlfield><marc:controlfield tag="003">TxDaGIAL</marc:controlfield><marc:datafield tag="852" ind1=" " ind2=" "><marc:subfield code="p">37741100014265</marc:subfield><marc:subfield code="a">Library</marc:subfield><marc:subfield code="x">COPYID:1240</marc:subfield><marc:subfield code="x">FSC@aRegular@c19970619</marc:subfield><marc:subfield code="h">016.986092 T693b 1951</marc:subfield><marc:subfield code="z">362</marc:subfield></marc:datafield></marc:record>