
<marc:record><marc:leader>01032nam a2200253Ia 4500</marc:leader>
<marc:controlfield tag="008">910402s1987    ck       b    000 0 spa d</marc:controlfield>
<marc:datafield tag="020" ind1=" " ind2=" "><marc:subfield code="a">155671064x</marc:subfield></marc:datafield><marc:datafield tag="040" ind1=" " ind2=" "><marc:subfield code="a">TxDaGIAL</marc:subfield><marc:subfield code="c">TxDaGIAL</marc:subfield></marc:datafield><marc:datafield tag="245" ind1="0" ind2="0"><marc:subfield code="a">Bibliografa del Instituto Lingstico de Verano en Colombia, 1987 /</marc:subfield><marc:subfield code="c">[recopilado por Marguerite Joyce Zechiel].</marc:subfield></marc:datafield><marc:datafield tag="260" ind1=" " ind2=" "><marc:subfield code="a">Meta, Repblica de Colombia :</marc:subfield><marc:subfield code="b">Editorial Townsend,</marc:subfield><marc:subfield code="c">c1987.</marc:subfield></marc:datafield><marc:datafield tag="300" ind1=" " ind2=" "><marc:subfield code="a">[iii]. 141 p. ;</marc:subfield><marc:subfield code="c">23 cm.</marc:subfield></marc:datafield><marc:datafield tag="500" ind1=" " ind2=" "><marc:subfield code="a">Title on cover: Bibliografia 1987.</marc:subfield></marc:datafield><marc:datafield tag="500" ind1=" " ind2=" "><marc:subfield code="a">Includes indexes.</marc:subfield></marc:datafield><marc:datafield tag="546" ind1=" " ind2=" "><marc:subfield code="a">Spanish.</marc:subfield></marc:datafield><marc:datafield tag="610" ind1="2" ind2="0"><marc:subfield code="a">Summer Institute of Linguistics.</marc:subfield><marc:subfield code="b">Colombia</marc:subfield><marc:subfield code="v">Bibliography.</marc:subfield></marc:datafield><marc:datafield tag="650" ind1=" " ind2="0"><marc:subfield code="a">Indians of South America</marc:subfield><marc:subfield code="z">Colombia</marc:subfield><marc:subfield code="x">Languages</marc:subfield><marc:subfield code="v">Bibliography.</marc:subfield></marc:datafield><marc:datafield tag="650" ind1=" " ind2="0"><marc:subfield code="a">Anthropological linguistics</marc:subfield><marc:subfield code="z">Colombia</marc:subfield><marc:subfield code="v">Bibliography.</marc:subfield></marc:datafield><marc:datafield tag="651" ind1=" " ind2="0"><marc:subfield code="a">Colombia</marc:subfield><marc:subfield code="x">Languages</marc:subfield><marc:subfield code="v">Bibliography.</marc:subfield></marc:datafield><marc:datafield tag="710" ind1="2" ind2="0"><marc:subfield code="a">Summer Institute of Linguistics.</marc:subfield></marc:datafield><marc:datafield tag="035" ind1=" " ind2=" "><marc:subfield code="a">(TxDaGIAL)37741100017981</marc:subfield></marc:datafield><marc:controlfield tag="005">20080624154638.0</marc:controlfield><marc:controlfield tag="001">1030</marc:controlfield><marc:controlfield tag="003">TxDaGIAL</marc:controlfield><marc:datafield tag="852" ind1=" " ind2=" "><marc:subfield code="p">37741100017981</marc:subfield><marc:subfield code="a">Library</marc:subfield><marc:subfield code="x">COPYID:1241</marc:subfield><marc:subfield code="x">FSC@aRegular@c19970521</marc:subfield><marc:subfield code="h">016.49861 S955 1987</marc:subfield><marc:subfield code="z">13074</marc:subfield></marc:datafield></marc:record>