
<marc:record><marc:leader>01040nam a2200265 i 4500</marc:leader>
<marc:controlfield tag="008">900723s1972    gt       b    00010 spa d</marc:controlfield>
<marc:datafield tag="035" ind1=" " ind2=" "><marc:subfield code="a">NYPG90-B64023</marc:subfield></marc:datafield><marc:datafield tag="035" ind1=" " ind2=" "><marc:subfield code="a">(CStRLIN)PG90-B64023</marc:subfield></marc:datafield><marc:datafield tag="040" ind1=" " ind2=" "><marc:subfield code="a">NN</marc:subfield><marc:subfield code="c">NN</marc:subfield></marc:datafield><marc:datafield tag="041" ind1="0" ind2=" "><marc:subfield code="a">spamul</marc:subfield></marc:datafield><marc:datafield tag="043" ind1=" " ind2=" "><marc:subfield code="a">ncgt---</marc:subfield></marc:datafield><marc:datafield tag="100" ind1="1" ind2="0"><marc:subfield code="a">Hanson de Henne, Marilyn.</marc:subfield></marc:datafield><marc:datafield tag="245" ind1="1" ind2="0"><marc:subfield code="a">Bibliografa del Instituto Lingstico de Verano en Centro Amrica, 1952-1977 /</marc:subfield><marc:subfield code="c">compilada por Marilyn Hanson de Henne y Beth Witt vda. de Studebaker.</marc:subfield></marc:datafield><marc:datafield tag="260" ind1="0" ind2=" "><marc:subfield code="a">Guatemala :</marc:subfield><marc:subfield code="b">El Instituto,</marc:subfield><marc:subfield code="c">1977.</marc:subfield></marc:datafield><marc:datafield tag="300" ind1=" " ind2=" "><marc:subfield code="a">40 p. ;</marc:subfield><marc:subfield code="c">21 cm.</marc:subfield></marc:datafield><marc:datafield tag="610" ind1="2" ind2="0"><marc:subfield code="a">Summer Institute of Linguistics.</marc:subfield><marc:subfield code="b">Central America</marc:subfield><marc:subfield code="v">Bibliography.</marc:subfield></marc:datafield><marc:datafield tag="650" ind1=" " ind2="0"><marc:subfield code="a">Indians of Central America</marc:subfield><marc:subfield code="z">Guatemala</marc:subfield><marc:subfield code="x">Languages</marc:subfield><marc:subfield code="v">Bibliography.</marc:subfield></marc:datafield><marc:datafield tag="650" ind1=" " ind2="0"><marc:subfield code="a">Jicaque language</marc:subfield><marc:subfield code="v">Bibliography.</marc:subfield></marc:datafield><marc:datafield tag="700" ind1="1" ind2="0"><marc:subfield code="a">Wittviuda de Studebaker, Beth,</marc:subfield><marc:subfield code="e">joint author.</marc:subfield></marc:datafield><marc:datafield tag="710" ind1="2" ind2="0"><marc:subfield code="a">Summer Institute of Linguistics.</marc:subfield></marc:datafield><marc:datafield tag="035" ind1=" " ind2=" "><marc:subfield code="a">(TxDaGIAL)37741100013597</marc:subfield></marc:datafield><marc:controlfield tag="005">20080624154638.0</marc:controlfield><marc:controlfield tag="001">1031</marc:controlfield><marc:controlfield tag="003">TxDaGIAL</marc:controlfield><marc:datafield tag="852" ind1=" " ind2=" "><marc:subfield code="p">37741100013597</marc:subfield><marc:subfield code="a">Library</marc:subfield><marc:subfield code="x">COPYID:1242</marc:subfield><marc:subfield code="x">FSC@aRegular@c19961017</marc:subfield><marc:subfield code="h">016.4109728 S955c 1977</marc:subfield></marc:datafield></marc:record>