
<marc:record><marc:leader>01121nam a2200265 a 4500</marc:leader>
<marc:controlfield tag="008">850820s1983    gt a     b    00010 spa  </marc:controlfield>
<marc:datafield tag="010" ind1=" " ind2=" "><marc:subfield code="a">   84241002</marc:subfield></marc:datafield><marc:datafield tag="043" ind1=" " ind2=" "><marc:subfield code="a">nc-----</marc:subfield></marc:datafield><marc:datafield tag="050" ind1="0" ind2=" "><marc:subfield code="a">Z7120</marc:subfield><marc:subfield code="b">.S53 1983</marc:subfield><marc:subfield code="a">PM3306</marc:subfield></marc:datafield><marc:datafield tag="082" ind1="0" ind2=" "><marc:subfield code="a">016.497/4</marc:subfield><marc:subfield code="2">19</marc:subfield></marc:datafield><marc:datafield tag="100" ind1="1" ind2="0"><marc:subfield code="a">Sheetz de Echerd, Pamela.</marc:subfield></marc:datafield><marc:datafield tag="245" ind1="1" ind2="0"><marc:subfield code="a">Bibliografa del Instituto Lingstico de Verano de Centroamrica, 1952-1982 /</marc:subfield><marc:subfield code="c">recopilada por Pamela Sheetz de Echerd ; mapas y cuadros recopilados por Stephen Echerd Th.</marc:subfield></marc:datafield><marc:datafield tag="260" ind1="0" ind2=" "><marc:subfield code="a">[Guatemala :</marc:subfield><marc:subfield code="b">s.n.],</marc:subfield><marc:subfield code="c">1983</marc:subfield><marc:subfield code="e">([Guatemala] :</marc:subfield><marc:subfield code="f">Instituto Lingstico de Verano de Guatemala)</marc:subfield></marc:datafield><marc:datafield tag="300" ind1=" " ind2=" "><marc:subfield code="a">vi, 118 p. :</marc:subfield><marc:subfield code="b">ill., maps ;</marc:subfield><marc:subfield code="c">28 cm.</marc:subfield></marc:datafield><marc:datafield tag="504" ind1=" " ind2=" "><marc:subfield code="a">Bibliography: p. 7.</marc:subfield></marc:datafield><marc:datafield tag="650" ind1=" " ind2="0"><marc:subfield code="a">Indians of Central America</marc:subfield><marc:subfield code="x">Languages</marc:subfield><marc:subfield code="v">Bibliography.</marc:subfield></marc:datafield><marc:datafield tag="650" ind1=" " ind2="0"><marc:subfield code="a">Mayan languages</marc:subfield><marc:subfield code="v">Bibliography.</marc:subfield></marc:datafield><marc:datafield tag="610" ind1="2" ind2="0"><marc:subfield code="a">Summer Institute of Linguistics</marc:subfield><marc:subfield code="v">Bibliography.</marc:subfield></marc:datafield><marc:datafield tag="700" ind1="1" ind2="0"><marc:subfield code="a">Echerd Th., Stephen.</marc:subfield></marc:datafield><marc:datafield tag="710" ind1="2" ind2="0"><marc:subfield code="a">Summer Institute of Linguistics.</marc:subfield></marc:datafield><marc:datafield tag="035" ind1=" " ind2=" "><marc:subfield code="a">(TxDaGIAL)37741100013022</marc:subfield></marc:datafield><marc:controlfield tag="005">20080624154638.0</marc:controlfield><marc:controlfield tag="001">1032</marc:controlfield><marc:controlfield tag="003">TxDaGIAL</marc:controlfield><marc:datafield tag="852" ind1=" " ind2=" "><marc:subfield code="p">37741100013022</marc:subfield><marc:subfield code="a">Library</marc:subfield><marc:subfield code="9">$0.00</marc:subfield><marc:subfield code="x">COPYID:1243</marc:subfield><marc:subfield code="x">FSC@aRegular@c19960829</marc:subfield><marc:subfield code="h">016.4974 S541b 1983</marc:subfield><marc:subfield code="z">gift AcPub</marc:subfield></marc:datafield></marc:record>