
<marc:record><marc:leader>01222cam a2200301 i 4500</marc:leader>
<marc:controlfield tag="008">790130s1978    pe       b    00110 spa  </marc:controlfield>
<marc:datafield tag="010" ind1=" " ind2=" "><marc:subfield code="a">   78108428 //r86</marc:subfield></marc:datafield><marc:datafield tag="040" ind1=" " ind2=" "><marc:subfield code="a">DLC</marc:subfield><marc:subfield code="c">DLC</marc:subfield><marc:subfield code="d">TxDaGIAL</marc:subfield></marc:datafield><marc:datafield tag="041" ind1="0" ind2=" "><marc:subfield code="a">spaengsai</marc:subfield></marc:datafield><marc:datafield tag="043" ind1=" " ind2=" "><marc:subfield code="a">s-pe---</marc:subfield></marc:datafield><marc:datafield tag="050" ind1="0" ind2=" "><marc:subfield code="a">Z7122.A3</marc:subfield><marc:subfield code="b">S822 1978</marc:subfield><marc:subfield code="a">PM5271</marc:subfield></marc:datafield><marc:datafield tag="110" ind1="2" ind2="0"><marc:subfield code="a">Summer Institute of Linguistics.</marc:subfield></marc:datafield><marc:datafield tag="245" ind1="1" ind2="0"><marc:subfield code="a">Bibliografa del Instituto Lingstico de Verano en el Per, 1946-1976 /</marc:subfield><marc:subfield code="c">recopilacin de Mary Ruth Wise y Ann Shanks.</marc:subfield></marc:datafield><marc:datafield tag="250" ind1=" " ind2=" "><marc:subfield code="a">Ed. preliminar.</marc:subfield></marc:datafield><marc:datafield tag="260" ind1="0" ind2=" "><marc:subfield code="a">[Lima] :</marc:subfield><marc:subfield code="b">Instituto Lingstico de Verano,</marc:subfield><marc:subfield code="c">1977 [i.e. 1978]</marc:subfield></marc:datafield><marc:datafield tag="300" ind1=" " ind2=" "><marc:subfield code="a">305 p. ;</marc:subfield><marc:subfield code="c">21 cm. +</marc:subfield><marc:subfield code="e">1 supplement (1977-1981)</marc:subfield></marc:datafield><marc:datafield tag="500" ind1=" " ind2=" "><marc:subfield code="a">&quot;Bajo convenio con el Ministerio de Educacin.&quot;</marc:subfield></marc:datafield><marc:datafield tag="500" ind1=" " ind2=" "><marc:subfield code="a">Includes index.</marc:subfield></marc:datafield><marc:datafield tag="650" ind1=" " ind2="0"><marc:subfield code="a">Indians of South America</marc:subfield><marc:subfield code="x">Languages</marc:subfield><marc:subfield code="z">Peru</marc:subfield><marc:subfield code="v">Bibliography.</marc:subfield></marc:datafield><marc:datafield tag="651" ind1=" " ind2="0"><marc:subfield code="a">Peru</marc:subfield><marc:subfield code="x">Languages</marc:subfield><marc:subfield code="v">Bibliography.</marc:subfield></marc:datafield><marc:datafield tag="700" ind1="1" ind2="0"><marc:subfield code="a">Wise S., Mary Ruth.</marc:subfield></marc:datafield><marc:datafield tag="700" ind1="1" ind2="0"><marc:subfield code="a">Shanks, Ann.</marc:subfield></marc:datafield><marc:datafield tag="035" ind1=" " ind2=" "><marc:subfield code="a">(TxDaGIAL)37741100013051</marc:subfield></marc:datafield><marc:controlfield tag="005">20080624154638.0</marc:controlfield><marc:controlfield tag="001">1033</marc:controlfield><marc:controlfield tag="003">TxDaGIAL</marc:controlfield><marc:datafield tag="852" ind1=" " ind2=" "><marc:subfield code="p">37741100013051</marc:subfield><marc:subfield code="a">Library</marc:subfield><marc:subfield code="x">COPYID:1244</marc:subfield><marc:subfield code="x">FSC@aRegular@c19960905</marc:subfield><marc:subfield code="h">016.4983 S955p 1976</marc:subfield><marc:subfield code="z">5929</marc:subfield></marc:datafield><marc:datafield tag="852" ind1=" " ind2=" "><marc:subfield code="p">37741100013052</marc:subfield><marc:subfield code="a">Library</marc:subfield><marc:subfield code="9">$0.00</marc:subfield><marc:subfield code="x">COPYID:1245</marc:subfield><marc:subfield code="x">FSC@aRegular@c19960905</marc:subfield><marc:subfield code="h">016.4983 S955p 1981</marc:subfield><marc:subfield code="z">gift A. Wares 3-93</marc:subfield></marc:datafield></marc:record>