
<marc:record><marc:leader>00536nam a22001577a 4500</marc:leader>
<marc:controlfield tag="008">970801s1944    mx            000 0 spa d</marc:controlfield>
<marc:datafield tag="040" ind1=" " ind2=" "><marc:subfield code="a">TxDaGIAL</marc:subfield><marc:subfield code="c">TxDaGIAL</marc:subfield></marc:datafield><marc:datafield tag="041" ind1="0" ind2=" "><marc:subfield code="a">spa</marc:subfield></marc:datafield><marc:datafield tag="245" ind1="0" ind2="0"><marc:subfield code="a">Bibliografia Mexicana 1942.</marc:subfield></marc:datafield><marc:datafield tag="260" ind1=" " ind2=" "><marc:subfield code="a">Mexico :</marc:subfield><marc:subfield code="b">Comision Mexicana de Cooperacion intelectual,</marc:subfield><marc:subfield code="c">1944.</marc:subfield></marc:datafield><marc:datafield tag="300" ind1=" " ind2=" "><marc:subfield code="a">88 p. ;</marc:subfield><marc:subfield code="c">23 cm.</marc:subfield></marc:datafield><marc:datafield tag="035" ind1=" " ind2=" "><marc:subfield code="a">(TxDaGIAL)37741100019405</marc:subfield></marc:datafield><marc:controlfield tag="005">20080624154639.0</marc:controlfield><marc:controlfield tag="001">1036</marc:controlfield><marc:controlfield tag="003">TxDaGIAL</marc:controlfield><marc:datafield tag="852" ind1=" " ind2=" "><marc:subfield code="p">37741100019405</marc:subfield><marc:subfield code="a">Library</marc:subfield><marc:subfield code="b">Kenneth L. Pike Coll</marc:subfield><marc:subfield code="x">COPYID:1248</marc:subfield><marc:subfield code="x">FSC@aRegular@c19970801</marc:subfield><marc:subfield code="h">015.72 B582 1944</marc:subfield><marc:subfield code="z">2190  K.L. Pike gift</marc:subfield></marc:datafield></marc:record>