
<marc:record><marc:leader>01017nam a2200241 i 4500</marc:leader>
<marc:controlfield tag="008">890707s1967    pe            00000 spa d</marc:controlfield>
<marc:datafield tag="035" ind1=" " ind2=" "><marc:subfield code="a">(CU-UC)6131306</marc:subfield></marc:datafield><marc:datafield tag="040" ind1=" " ind2=" "><marc:subfield code="a">RETROCON/NYGG (COO)</marc:subfield><marc:subfield code="c">COO</marc:subfield><marc:subfield code="d">CUY</marc:subfield></marc:datafield><marc:datafield tag="100" ind1="1" ind2="0"><marc:subfield code="a">Vzquez, Mario Carlos,</marc:subfield><marc:subfield code="d">1926-</marc:subfield></marc:datafield><marc:datafield tag="245" ind1="1" ind2="0"><marc:subfield code="a">Bibliografa peruana de ciencias sociales publicada en ingls 1945-1965 /</marc:subfield><marc:subfield code="c">por Mario C. Vsquez.</marc:subfield></marc:datafield><marc:datafield tag="260" ind1="0" ind2=" "><marc:subfield code="a">Lima, Peru :</marc:subfield><marc:subfield code="b">Asociacin Peruana de Antroplogos,</marc:subfield><marc:subfield code="c">1967.</marc:subfield></marc:datafield><marc:datafield tag="300" ind1=" " ind2=" "><marc:subfield code="a">145 p. ;</marc:subfield><marc:subfield code="c">28 cm.</marc:subfield></marc:datafield><marc:datafield tag="490" ind1="1" ind2=" "><marc:subfield code="a">Asociacin Peruana de Antroplogos. Serie bibliogrfica ;</marc:subfield><marc:subfield code="v">no. 1</marc:subfield></marc:datafield><marc:datafield tag="546" ind1=" " ind2=" "><marc:subfield code="a">Spanish.</marc:subfield></marc:datafield><marc:datafield tag="650" ind1=" " ind2="0"><marc:subfield code="a">Social sciences</marc:subfield><marc:subfield code="z">Peru</marc:subfield><marc:subfield code="v">Bibliography.</marc:subfield></marc:datafield><marc:datafield tag="650" ind1=" " ind2="0"><marc:subfield code="a">Social sciences</marc:subfield><marc:subfield code="x">Research</marc:subfield><marc:subfield code="z">Peru</marc:subfield><marc:subfield code="v">Bibliography.</marc:subfield></marc:datafield><marc:datafield tag="710" ind1="2" ind2="0"><marc:subfield code="a">Asociacin Peruana de Antroplogos.</marc:subfield></marc:datafield><marc:datafield tag="830" ind1=" " ind2="0"><marc:subfield code="a">Serie bibliogrfica (Asociacin Peruana de Antroplogos) ;</marc:subfield><marc:subfield code="v">no. 1.</marc:subfield></marc:datafield><marc:datafield tag="035" ind1=" " ind2=" "><marc:subfield code="a">(TxDaGIAL)37741100015451</marc:subfield></marc:datafield><marc:controlfield tag="005">20080624154639.0</marc:controlfield><marc:controlfield tag="001">1037</marc:controlfield><marc:controlfield tag="003">TxDaGIAL</marc:controlfield><marc:datafield tag="852" ind1=" " ind2=" "><marc:subfield code="p">37741100015451</marc:subfield><marc:subfield code="a">Library</marc:subfield><marc:subfield code="9">$0.00</marc:subfield><marc:subfield code="x">COPYID:1249</marc:subfield><marc:subfield code="x">FSC@aRegular@c19970226</marc:subfield><marc:subfield code="h">016.30985 V393b 1967</marc:subfield><marc:subfield code="z">Gift 1991</marc:subfield></marc:datafield></marc:record>