
<marc:record><marc:leader>01212cac a2200265 i 4500</marc:leader>
<marc:controlfield tag="008">811015s1941    ilu|||| |b||||00100|eng|d</marc:controlfield>
<marc:datafield tag="035" ind1=" " ind2=" "><marc:subfield code="a">NVRG81-B889</marc:subfield></marc:datafield><marc:datafield tag="035" ind1=" " ind2=" "><marc:subfield code="a">(CStRLIN)NVRG81-B889</marc:subfield></marc:datafield><marc:datafield tag="110" ind1="2" ind2="0"><marc:subfield code="a">Newberry Library.</marc:subfield><marc:subfield code="b">Edward E. Ayer Collection.</marc:subfield></marc:datafield><marc:datafield tag="245" ind1="1" ind2="2"><marc:subfield code="a">A bibliographical check list of North and Middle American Indian linguistics in the Edward E. Ayer collection /</marc:subfield><marc:subfield code="c">foreword by Ruth Lapham Butler.</marc:subfield></marc:datafield><marc:datafield tag="260" ind1="0" ind2=" "><marc:subfield code="a">Chicago :</marc:subfield><marc:subfield code="b">Newberry Library,</marc:subfield><marc:subfield code="c">1941.</marc:subfield></marc:datafield><marc:datafield tag="300" ind1=" " ind2=" "><marc:subfield code="a">2 v. ;</marc:subfield><marc:subfield code="c">26 cm.</marc:subfield></marc:datafield><marc:datafield tag="500" ind1=" " ind2=" "><marc:subfield code="a">Material is listed alphabetically by dialect on unnumbered pages, reproduced from typewritten copy.</marc:subfield></marc:datafield><marc:datafield tag="500" ind1=" " ind2=" "><marc:subfield code="a">Volume 2 lacks title page.</marc:subfield></marc:datafield><marc:datafield tag="500" ind1=" " ind2=" "><marc:subfield code="a">Index list in vol. 2, includes authors, translators and editors.</marc:subfield></marc:datafield><marc:datafield tag="505" ind1="0" ind2=" "><marc:subfield code="a">v.1. A-M.--v.2. N-Z.</marc:subfield></marc:datafield><marc:datafield tag="650" ind1=" " ind2="0"><marc:subfield code="a">Indians of North America</marc:subfield><marc:subfield code="x">Languages</marc:subfield><marc:subfield code="v">Bibliography.</marc:subfield></marc:datafield><marc:datafield tag="700" ind1="1" ind2="0"><marc:subfield code="a">Butler, Ruth Lapham,</marc:subfield><marc:subfield code="d">b. 1896.</marc:subfield></marc:datafield><marc:datafield tag="740" ind1="0" ind2="1"><marc:subfield code="a">American Indian linguistics.</marc:subfield></marc:datafield><marc:datafield tag="035" ind1=" " ind2=" "><marc:subfield code="a">(TxDaGIAL)37741100013602</marc:subfield></marc:datafield><marc:controlfield tag="005">20080624154639.0</marc:controlfield><marc:controlfield tag="001">1038</marc:controlfield><marc:controlfield tag="003">TxDaGIAL</marc:controlfield><marc:datafield tag="852" ind1=" " ind2=" "><marc:subfield code="p">37741100013602</marc:subfield><marc:subfield code="a">Library</marc:subfield><marc:subfield code="x">COPYID:1250</marc:subfield><marc:subfield code="x">FSC@aRegular@c19961101</marc:subfield><marc:subfield code="h">016.497 N534b vol.1 1941</marc:subfield><marc:subfield code="z">1117</marc:subfield></marc:datafield><marc:datafield tag="852" ind1=" " ind2=" "><marc:subfield code="p">37741100013603</marc:subfield><marc:subfield code="a">Library</marc:subfield><marc:subfield code="x">COPYID:1251</marc:subfield><marc:subfield code="x">FSC@aRegular@c19961101</marc:subfield><marc:subfield code="h">016.497 N534b vol.2 1941</marc:subfield><marc:subfield code="z">1118</marc:subfield></marc:datafield></marc:record>