
<marc:record><marc:leader>00935nam a2200229 i 4500</marc:leader>
<marc:controlfield tag="008">880810s1946    dcu           00100 eng d</marc:controlfield>
<marc:datafield tag="035" ind1=" " ind2=" "><marc:subfield code="a">(CU-UC)5052141</marc:subfield></marc:datafield><marc:datafield tag="040" ind1=" " ind2=" "><marc:subfield code="a">CSJ</marc:subfield><marc:subfield code="c">CSJ</marc:subfield><marc:subfield code="d">m.c.</marc:subfield><marc:subfield code="d">CUY</marc:subfield></marc:datafield><marc:datafield tag="100" ind1="1" ind2="0"><marc:subfield code="a">Trager, George L.</marc:subfield><marc:subfield code="q">(George Leonard),</marc:subfield><marc:subfield code="d">1906-</marc:subfield></marc:datafield><marc:datafield tag="245" ind1="1" ind2="2"><marc:subfield code="a">A bibliographical classification system for linguistics and languages.</marc:subfield></marc:datafield><marc:datafield tag="260" ind1="0" ind2=" "><marc:subfield code="a">Washington, D.C. :</marc:subfield><marc:subfield code="b">[n.p.],</marc:subfield><marc:subfield code="c">1946.</marc:subfield></marc:datafield><marc:datafield tag="300" ind1=" " ind2=" "><marc:subfield code="a">11, 54-108, 50 l. ;</marc:subfield><marc:subfield code="c">28 cm.</marc:subfield></marc:datafield><marc:datafield tag="500" ind1=" " ind2=" "><marc:subfield code="a">&quot;Originally planned to fit into the Library of Congress classification by replacing LC's classes P, PA-PM.&quot;</marc:subfield></marc:datafield><marc:datafield tag="500" ind1=" " ind2=" "><marc:subfield code="a">&quot;Reprinted from Studies in Linguistics.&quot;</marc:subfield></marc:datafield><marc:datafield tag="546" ind1=" " ind2=" "><marc:subfield code="a">English.</marc:subfield></marc:datafield><marc:datafield tag="650" ind1=" " ind2="0"><marc:subfield code="a">Classification</marc:subfield><marc:subfield code="x">Books</marc:subfield><marc:subfield code="x">Language and languages.</marc:subfield></marc:datafield><marc:datafield tag="710" ind1="2" ind2="1"><marc:subfield code="a">Library of Congress.</marc:subfield><marc:subfield code="b">Subject Cataloging Division.</marc:subfield></marc:datafield><marc:datafield tag="035" ind1=" " ind2=" "><marc:subfield code="a">(TxDaGIAL)37741100017254</marc:subfield></marc:datafield><marc:controlfield tag="005">20080624154639.0</marc:controlfield><marc:controlfield tag="001">1039</marc:controlfield><marc:controlfield tag="003">TxDaGIAL</marc:controlfield><marc:datafield tag="852" ind1=" " ind2=" "><marc:subfield code="p">37741100017254</marc:subfield><marc:subfield code="a">Library</marc:subfield><marc:subfield code="x">COPYID:1252</marc:subfield><marc:subfield code="x">FSC@aRegular@c19970430</marc:subfield><marc:subfield code="h">025.433 T765b 1946</marc:subfield><marc:subfield code="z">2444</marc:subfield></marc:datafield></marc:record>