
<marc:record><marc:leader>00859cam a2200241 a 4500</marc:leader>
<marc:controlfield tag="008">830425s1980    ilu      b    00010 eng  </marc:controlfield>
<marc:datafield tag="010" ind1=" " ind2=" "><marc:subfield code="a">   83142018</marc:subfield></marc:datafield><marc:datafield tag="020" ind1=" " ind2=" "><marc:subfield code="a">0887830404 (pbk.)</marc:subfield></marc:datafield><marc:datafield tag="040" ind1=" " ind2=" "><marc:subfield code="a">DLC</marc:subfield><marc:subfield code="c">DLC</marc:subfield><marc:subfield code="d">DLC</marc:subfield></marc:datafield><marc:datafield tag="050" ind1="0" ind2="0"><marc:subfield code="a">Z3108.L5</marc:subfield><marc:subfield code="b">K55 1980</marc:subfield><marc:subfield code="a">PL1071</marc:subfield></marc:datafield><marc:datafield tag="082" ind1="0" ind2="0"><marc:subfield code="a">016.4951</marc:subfield><marc:subfield code="2">19</marc:subfield></marc:datafield><marc:datafield tag="100" ind1="1" ind2="0"><marc:subfield code="a">Kim, T. W.</marc:subfield></marc:datafield><marc:datafield tag="245" ind1="1" ind2="2"><marc:subfield code="a">A bibliographical guide to the study of Chinese language and linguistics /</marc:subfield><marc:subfield code="c">T.W. Kim &amp; A. Wawrzyszko.</marc:subfield></marc:datafield><marc:datafield tag="260" ind1="0" ind2=" "><marc:subfield code="a">Cardondale [Ill.] USA :</marc:subfield><marc:subfield code="b">Linguistic Research,</marc:subfield><marc:subfield code="c">c1980.</marc:subfield></marc:datafield><marc:datafield tag="300" ind1=" " ind2=" "><marc:subfield code="a">89 p. ;</marc:subfield><marc:subfield code="c">21 cm.</marc:subfield></marc:datafield><marc:datafield tag="440" ind1=" " ind2="0"><marc:subfield code="a">Current inquiry into language and linguistics ;</marc:subfield><marc:subfield code="v">39</marc:subfield></marc:datafield><marc:datafield tag="650" ind1=" " ind2="0"><marc:subfield code="a">Chinese language</marc:subfield><marc:subfield code="v">Bibliography.</marc:subfield></marc:datafield><marc:datafield tag="700" ind1="1" ind2="0"><marc:subfield code="a">Wawrzyszko, Aleksandra K.</marc:subfield></marc:datafield><marc:datafield tag="035" ind1=" " ind2=" "><marc:subfield code="a">(TxDaGIAL)37741100008764</marc:subfield></marc:datafield><marc:controlfield tag="005">20080624154639.0</marc:controlfield><marc:controlfield tag="001">1040</marc:controlfield><marc:controlfield tag="003">TxDaGIAL</marc:controlfield><marc:datafield tag="852" ind1=" " ind2=" "><marc:subfield code="p">37741100008764</marc:subfield><marc:subfield code="a">Library</marc:subfield><marc:subfield code="x">COPYID:1253</marc:subfield><marc:subfield code="x">FSC@aRegular@c19951016</marc:subfield><marc:subfield code="h">016.4951 K49b 1980</marc:subfield><marc:subfield code="z">7696</marc:subfield></marc:datafield></marc:record>