
<marc:record><marc:leader>01071nam a2200253Ii 4500</marc:leader>
<marc:controlfield tag="008">720114s1969    quc           00000 frexu</marc:controlfield>
<marc:datafield tag="010" ind1=" " ind2=" "><marc:subfield code="a">   70853671</marc:subfield></marc:datafield><marc:datafield tag="035" ind1=" " ind2=" "><marc:subfield code="a">(CU-UC)766084</marc:subfield></marc:datafield><marc:datafield tag="040" ind1=" " ind2=" "><marc:subfield code="c">CIN</marc:subfield><marc:subfield code="d">CLU</marc:subfield></marc:datafield><marc:datafield tag="100" ind1="1" ind2="0"><marc:subfield code="a">Savard, Jean Guy.</marc:subfield></marc:datafield><marc:datafield tag="245" ind1="1" ind2="0"><marc:subfield code="a">Bibliographie analytique de tests de langue. :</marc:subfield><marc:subfield code="b">Analytical bibliography of language tests. /</marc:subfield><marc:subfield code="c">Prf. de W. F. Mackey.</marc:subfield></marc:datafield><marc:datafield tag="260" ind1="0" ind2=" "><marc:subfield code="a">Qubec :</marc:subfield><marc:subfield code="b">Presses de l'Universit Laval,</marc:subfield><marc:subfield code="c">1969.</marc:subfield></marc:datafield><marc:datafield tag="300" ind1=" " ind2=" "><marc:subfield code="a">xviii, 372 p. ;</marc:subfield><marc:subfield code="c">27cm.</marc:subfield></marc:datafield><marc:datafield tag="500" ind1=" " ind2=" "><marc:subfield code="a">&quot;Published for the International Center for Research on Bilingualism.&quot;</marc:subfield></marc:datafield><marc:datafield tag="546" ind1=" " ind2=" "><marc:subfield code="a">French.</marc:subfield></marc:datafield><marc:datafield tag="650" ind1=" " ind2="0"><marc:subfield code="a">Language and languages</marc:subfield><marc:subfield code="x">Examinations, questions, etc.</marc:subfield><marc:subfield code="v">Bibliography.</marc:subfield></marc:datafield><marc:datafield tag="650" ind1=" " ind2="0"><marc:subfield code="a">Languages, Modern</marc:subfield><marc:subfield code="x">Examinations, questions, etc.</marc:subfield><marc:subfield code="v">Bibliography.</marc:subfield></marc:datafield><marc:datafield tag="710" ind1="2" ind2="0"><marc:subfield code="a">Universit Laval.</marc:subfield><marc:subfield code="b">Centre international de recherches sur le bilinguisme.</marc:subfield></marc:datafield><marc:datafield tag="740" ind1="0" ind2="0"><marc:subfield code="a">Analytical bibliography of language tests.</marc:subfield></marc:datafield><marc:datafield tag="035" ind1=" " ind2=" "><marc:subfield code="a">(TxDaGIAL)37741100015454</marc:subfield></marc:datafield><marc:controlfield tag="005">20080624154639.0</marc:controlfield><marc:controlfield tag="001">1042</marc:controlfield><marc:controlfield tag="003">TxDaGIAL</marc:controlfield><marc:datafield tag="852" ind1=" " ind2=" "><marc:subfield code="p">37741100015454</marc:subfield><marc:subfield code="a">Library</marc:subfield><marc:subfield code="x">COPYID:1255</marc:subfield><marc:subfield code="x">FSC@aRegular@c19970226</marc:subfield><marc:subfield code="h">016.407 S265 1969</marc:subfield><marc:subfield code="z">3976</marc:subfield></marc:datafield></marc:record>