
<marc:record><marc:leader>01161nam a2200253Ii 4500</marc:leader>
<marc:controlfield tag="008">770314s1959    gw b     b    00100 ger  </marc:controlfield>
<marc:datafield tag="010" ind1=" " ind2=" "><marc:subfield code="a">   61021935</marc:subfield></marc:datafield><marc:datafield tag="035" ind1=" " ind2=" "><marc:subfield code="a">(CU-UC)1923521</marc:subfield></marc:datafield><marc:datafield tag="040" ind1=" " ind2=" "><marc:subfield code="a">DLC</marc:subfield><marc:subfield code="c">RRR</marc:subfield><marc:subfield code="d">CLU</marc:subfield></marc:datafield><marc:datafield tag="050" ind1="0" ind2=" "><marc:subfield code="a">Z7108.K2</marc:subfield><marc:subfield code="b">H5</marc:subfield></marc:datafield><marc:datafield tag="100" ind1="1" ind2="0"><marc:subfield code="a">Hintze, Ursula.</marc:subfield></marc:datafield><marc:datafield tag="245" ind1="1" ind2="0"><marc:subfield code="a">Bibliographie der KWA-Sprachen und der Sprachen der Togo-Restvlker.</marc:subfield></marc:datafield><marc:datafield tag="260" ind1="0" ind2=" "><marc:subfield code="a">Berlin :</marc:subfield><marc:subfield code="b">Akademie-Verlag,</marc:subfield><marc:subfield code="c">1959.</marc:subfield></marc:datafield><marc:datafield tag="300" ind1=" " ind2=" "><marc:subfield code="a">vi, 102 p. :</marc:subfield><marc:subfield code="b">11 col. maps (in pocket) ;</marc:subfield><marc:subfield code="c">30 cm.</marc:subfield></marc:datafield><marc:datafield tag="490" ind1="1" ind2=" "><marc:subfield code="a">Deutsche Akademie der Wissenschaften zu Berlin. Institut fr Orientforschung. Verffentlichung Nr. 42</marc:subfield></marc:datafield><marc:datafield tag="546" ind1=" " ind2=" "><marc:subfield code="a">German.</marc:subfield></marc:datafield><marc:datafield tag="505" ind1="2" ind2=" "><marc:subfield code="a">1. Lagunen-Sprachen -- 2. Guang -- 3. Akan -- 4. G-Adangme -- 5. Ewe -- 6. Yoruba -- 7. Nupe -- 8. Edo -- 9. Igbo -- 10. Togo-Restsprachen.</marc:subfield></marc:datafield><marc:datafield tag="650" ind1=" " ind2="0"><marc:subfield code="a">Kwa languages</marc:subfield><marc:subfield code="v">Bibliography.</marc:subfield></marc:datafield><marc:datafield tag="830" ind1=" " ind2="0"><marc:subfield code="a">Verffentlichung (Deutsche Akademie der Wissenschaften zu Berlin. Institut fr Orientforschung) ;</marc:subfield><marc:subfield code="v">Nr. 42.</marc:subfield></marc:datafield><marc:datafield tag="035" ind1=" " ind2=" "><marc:subfield code="a">(TxDaGIAL)37741100015570</marc:subfield></marc:datafield><marc:controlfield tag="005">20080624154640.0</marc:controlfield><marc:controlfield tag="001">1043</marc:controlfield><marc:controlfield tag="003">TxDaGIAL</marc:controlfield><marc:datafield tag="852" ind1=" " ind2=" "><marc:subfield code="p">37741100015570</marc:subfield><marc:subfield code="a">Library</marc:subfield><marc:subfield code="b">James E. Redden Coll</marc:subfield><marc:subfield code="9">$0.00</marc:subfield><marc:subfield code="x">COPYID:1256</marc:subfield><marc:subfield code="x">FSC@aRegular@c19970305</marc:subfield><marc:subfield code="h">016.49633 H666b 1959</marc:subfield><marc:subfield code="z">J.E. Redden gift 4-89</marc:subfield></marc:datafield></marc:record>