
<marc:record><marc:leader>01063nam a22002651i 4500</marc:leader>
<marc:controlfield tag="008">820419s1972    quc      b    00010 fre  </marc:controlfield>
<marc:datafield tag="010" ind1=" " ind2=" "><marc:subfield code="a">   73358929</marc:subfield></marc:datafield><marc:datafield tag="015" ind1=" " ind2=" "><marc:subfield code="a">C***</marc:subfield></marc:datafield><marc:datafield tag="040" ind1=" " ind2=" "><marc:subfield code="a">DLC</marc:subfield><marc:subfield code="c">DLC</marc:subfield><marc:subfield code="d">TxDaGIAL</marc:subfield></marc:datafield><marc:datafield tag="041" ind1="0" ind2=" "><marc:subfield code="a">freeng</marc:subfield></marc:datafield><marc:datafield tag="050" ind1="0" ind2=" "><marc:subfield code="a">Z7004.B5</marc:subfield><marc:subfield code="b">M3</marc:subfield></marc:datafield><marc:datafield tag="100" ind1="1" ind2="0"><marc:subfield code="a">Mackey, William Francis.</marc:subfield></marc:datafield><marc:datafield tag="245" ind1="1" ind2="0"><marc:subfield code="a">Bibliographie internationale sur le bilinguisme /</marc:subfield><marc:subfield code="c">prpare sous la direction de William F. Mackey. International bibliography on bilingualism.</marc:subfield></marc:datafield><marc:datafield tag="260" ind1="0" ind2=" "><marc:subfield code="a">Quebec :</marc:subfield><marc:subfield code="b">Presses de l'Universit Laval,</marc:subfield><marc:subfield code="c">1972.</marc:subfield></marc:datafield><marc:datafield tag="300" ind1=" " ind2=" "><marc:subfield code="a">xxviii, 337, 209, 203 p. ;</marc:subfield><marc:subfield code="c">27 cm.</marc:subfield></marc:datafield><marc:datafield tag="500" ind1=" " ind2=" "><marc:subfield code="a">&quot;Published for the International Center for Research on Bilingualism.&quot;</marc:subfield></marc:datafield><marc:datafield tag="500" ind1=" " ind2=" "><marc:subfield code="a">French or English.</marc:subfield></marc:datafield><marc:datafield tag="650" ind1=" " ind2="0"><marc:subfield code="a">Bilingualism</marc:subfield><marc:subfield code="v">Bibliography.</marc:subfield></marc:datafield><marc:datafield tag="710" ind1="2" ind2="0"><marc:subfield code="a">Universit Laval.</marc:subfield><marc:subfield code="b">Centre international de recherches sur le bilinguisme.</marc:subfield></marc:datafield><marc:datafield tag="740" ind1="0" ind2="1"><marc:subfield code="a">International bibliography on bilingualism.</marc:subfield></marc:datafield><marc:datafield tag="035" ind1=" " ind2=" "><marc:subfield code="a">(TxDaGIAL)37741100013056</marc:subfield></marc:datafield><marc:controlfield tag="005">20080624154640.0</marc:controlfield><marc:controlfield tag="001">1044</marc:controlfield><marc:controlfield tag="003">TxDaGIAL</marc:controlfield><marc:datafield tag="852" ind1=" " ind2=" "><marc:subfield code="p">37741100013056</marc:subfield><marc:subfield code="a">Library</marc:subfield><marc:subfield code="x">COPYID:1257</marc:subfield><marc:subfield code="x">FSC@aRegular@c19960905</marc:subfield><marc:subfield code="h">016.4042 M157b 1972</marc:subfield><marc:subfield code="z">3977</marc:subfield></marc:datafield></marc:record>