
<marc:record><marc:leader>00827nam a2200241 a 4500</marc:leader>
<marc:controlfield tag="008">851031s1986    ctu      b    00010 eng  </marc:controlfield>
<marc:datafield tag="010" ind1=" " ind2=" "><marc:subfield code="a">   85052119</marc:subfield></marc:datafield><marc:datafield tag="020" ind1=" " ind2=" "><marc:subfield code="a">0300036795</marc:subfield></marc:datafield><marc:datafield tag="040" ind1=" " ind2=" "><marc:subfield code="a">DLC</marc:subfield><marc:subfield code="c">DLC</marc:subfield></marc:datafield><marc:datafield tag="043" ind1=" " ind2=" "><marc:subfield code="a">as-----</marc:subfield></marc:datafield><marc:datafield tag="050" ind1="0" ind2="0"><marc:subfield code="a">Z3221</marc:subfield><marc:subfield code="b">.H82 1986</marc:subfield><marc:subfield code="a">PL3501</marc:subfield></marc:datafield><marc:datafield tag="082" ind1="0" ind2="0"><marc:subfield code="a">016.495</marc:subfield><marc:subfield code="2">20</marc:subfield></marc:datafield><marc:datafield tag="100" ind1="1" ind2="0"><marc:subfield code="a">Huffman, Franklin E.</marc:subfield></marc:datafield><marc:datafield tag="245" ind1="1" ind2="0"><marc:subfield code="a">Bibliography and index of mainland Southeast Asian languages and linguistics /</marc:subfield><marc:subfield code="c">Franklin E. Huffman.</marc:subfield></marc:datafield><marc:datafield tag="260" ind1="0" ind2=" "><marc:subfield code="a">New Haven :</marc:subfield><marc:subfield code="b">Yale University Press,</marc:subfield><marc:subfield code="c">c1986.</marc:subfield></marc:datafield><marc:datafield tag="300" ind1=" " ind2=" "><marc:subfield code="a">xxxii, 640 p. ;</marc:subfield><marc:subfield code="c">27 cm.</marc:subfield></marc:datafield><marc:datafield tag="440" ind1=" " ind2="0"><marc:subfield code="a">Yale language series</marc:subfield></marc:datafield><marc:datafield tag="651" ind1=" " ind2="0"><marc:subfield code="a">Asia, Southeastern</marc:subfield><marc:subfield code="x">Languages</marc:subfield><marc:subfield code="v">Bibliography.</marc:subfield></marc:datafield><marc:datafield tag="035" ind1=" " ind2=" "><marc:subfield code="a">(TxDaGIAL)37741100003313</marc:subfield></marc:datafield><marc:controlfield tag="005">20080624154640.0</marc:controlfield><marc:controlfield tag="001">1045</marc:controlfield><marc:controlfield tag="003">TxDaGIAL</marc:controlfield><marc:datafield tag="852" ind1=" " ind2=" "><marc:subfield code="p">37741100003313</marc:subfield><marc:subfield code="a">Library</marc:subfield><marc:subfield code="9">$35.00</marc:subfield><marc:subfield code="x">COPYID:1258</marc:subfield><marc:subfield code="x">FSC@aRegular@c19950407</marc:subfield><marc:subfield code="h">016.495 H889b 1986</marc:subfield><marc:subfield code="z">B/T 3-87</marc:subfield></marc:datafield></marc:record>