
<marc:record><marc:leader>01044nam a2200301 a 4500</marc:leader>
<marc:controlfield tag="008">840615s1984    gw       bi   00100 eng  </marc:controlfield>
<marc:datafield tag="010" ind1=" " ind2=" "><marc:subfield code="a">   84174201</marc:subfield></marc:datafield><marc:datafield tag="020" ind1=" " ind2=" "><marc:subfield code="a">3447024151 :</marc:subfield><marc:subfield code="c">DM140.00</marc:subfield></marc:datafield><marc:datafield tag="040" ind1=" " ind2=" "><marc:subfield code="a">DLC</marc:subfield><marc:subfield code="c">DLC</marc:subfield><marc:subfield code="d">DLC</marc:subfield></marc:datafield><marc:datafield tag="041" ind1="0" ind2=" "><marc:subfield code="a">engfregerrus</marc:subfield></marc:datafield><marc:datafield tag="043" ind1=" " ind2=" "><marc:subfield code="a">f------</marc:subfield></marc:datafield><marc:datafield tag="050" ind1="0" ind2=" "><marc:subfield code="a">Z7106</marc:subfield><marc:subfield code="b">.B53 1984</marc:subfield><marc:subfield code="a">PL8005</marc:subfield></marc:datafield><marc:datafield tag="082" ind1="0" ind2=" "><marc:subfield code="a">016.409/6</marc:subfield><marc:subfield code="2">19</marc:subfield></marc:datafield><marc:datafield tag="245" ind1="0" ind2="0"><marc:subfield code="a">Bibliography of African languages =</marc:subfield><marc:subfield code="b">Bibliographie afrikanischer Sprachen /</marc:subfield><marc:subfield code="c">edited by Wilma Meier.</marc:subfield></marc:datafield><marc:datafield tag="260" ind1="0" ind2=" "><marc:subfield code="a">Wiesbaden :</marc:subfield><marc:subfield code="b">Harrassowitz,</marc:subfield><marc:subfield code="c">1984.</marc:subfield></marc:datafield><marc:datafield tag="300" ind1=" " ind2=" "><marc:subfield code="a">lxxi, 888 p. :</marc:subfield><marc:subfield code="b">1 map ;</marc:subfield><marc:subfield code="c">24 cm.</marc:subfield></marc:datafield><marc:datafield tag="500" ind1=" " ind2=" "><marc:subfield code="a">English, French, German, and Russian.</marc:subfield></marc:datafield><marc:datafield tag="504" ind1=" " ind2=" "><marc:subfield code="a">Bibliography: p. xlv-lxxi.</marc:subfield></marc:datafield><marc:datafield tag="500" ind1=" " ind2=" "><marc:subfield code="a">Includes indexes.</marc:subfield></marc:datafield><marc:datafield tag="650" ind1=" " ind2="0"><marc:subfield code="a">African languages</marc:subfield><marc:subfield code="v">Indexes.</marc:subfield></marc:datafield><marc:datafield tag="651" ind1=" " ind2="0"><marc:subfield code="a">Africa</marc:subfield><marc:subfield code="x">Languages</marc:subfield><marc:subfield code="v">Indexes.</marc:subfield></marc:datafield><marc:datafield tag="700" ind1="1" ind2="0"><marc:subfield code="a">Meier, Wilma.</marc:subfield></marc:datafield><marc:datafield tag="740" ind1="0" ind2="1"><marc:subfield code="a">Bibliographie afrikanischer Sprachen.</marc:subfield></marc:datafield><marc:datafield tag="035" ind1=" " ind2=" "><marc:subfield code="a">(TxDaGIAL)37741100003291</marc:subfield></marc:datafield><marc:controlfield tag="005">20080624154641.0</marc:controlfield><marc:controlfield tag="001">1047</marc:controlfield><marc:controlfield tag="003">TxDaGIAL</marc:controlfield><marc:datafield tag="852" ind1=" " ind2=" "><marc:subfield code="p">37741100003291</marc:subfield><marc:subfield code="a">Library</marc:subfield><marc:subfield code="x">COPYID:1260</marc:subfield><marc:subfield code="x">FSC@aRegular@c19950406</marc:subfield><marc:subfield code="h">016.496 B582m 1984</marc:subfield><marc:subfield code="z">orig. acc. no. 11652</marc:subfield></marc:datafield></marc:record>