
<marc:record><marc:leader>00875nam a2200253 a 4500</marc:leader>
<marc:controlfield tag="008">830622s1982    mbc      b   s00110 eng  </marc:controlfield>
<marc:datafield tag="010" ind1=" " ind2=" "><marc:subfield code="a">   83164492</marc:subfield></marc:datafield><marc:datafield tag="020" ind1=" " ind2=" "><marc:subfield code="a">0887556116 (pbk.)</marc:subfield></marc:datafield><marc:datafield tag="020" ind1=" " ind2=" "><marc:subfield code="a">0887551289 (hard)</marc:subfield></marc:datafield><marc:datafield tag="040" ind1=" " ind2=" "><marc:subfield code="a">DLC</marc:subfield><marc:subfield code="c">DLC</marc:subfield><marc:subfield code="d">DLC</marc:subfield></marc:datafield><marc:datafield tag="050" ind1="0" ind2=" "><marc:subfield code="a">Z7119.A4</marc:subfield><marc:subfield code="b">P46 1982</marc:subfield><marc:subfield code="a">PM600</marc:subfield></marc:datafield><marc:datafield tag="082" ind1="0" ind2=" "><marc:subfield code="a">016.497/3</marc:subfield><marc:subfield code="2">19</marc:subfield></marc:datafield><marc:datafield tag="100" ind1="1" ind2="0"><marc:subfield code="a">Pentland, David H.</marc:subfield></marc:datafield><marc:datafield tag="245" ind1="1" ind2="0"><marc:subfield code="a">Bibliography of Algonquian linguistics /</marc:subfield><marc:subfield code="c">David H. Pentland &amp; H. Christoph Wolfart.</marc:subfield></marc:datafield><marc:datafield tag="260" ind1="0" ind2=" "><marc:subfield code="a">Winnipeg, Canada :</marc:subfield><marc:subfield code="b">University of Manitoba Press,</marc:subfield><marc:subfield code="c">1982.</marc:subfield></marc:datafield><marc:datafield tag="300" ind1=" " ind2=" "><marc:subfield code="a">xix, 333 p. ;</marc:subfield><marc:subfield code="c">23 cm.</marc:subfield></marc:datafield><marc:datafield tag="500" ind1=" " ind2=" "><marc:subfield code="a">Includes indexes.</marc:subfield></marc:datafield><marc:datafield tag="650" ind1=" " ind2="0"><marc:subfield code="a">Algonquian languages</marc:subfield><marc:subfield code="v">Bibliography.</marc:subfield></marc:datafield><marc:datafield tag="700" ind1="1" ind2="0"><marc:subfield code="a">Wolfart, H. Christoph.</marc:subfield></marc:datafield><marc:datafield tag="035" ind1=" " ind2=" "><marc:subfield code="a">(TxDaGIAL)37741100003293</marc:subfield></marc:datafield><marc:controlfield tag="005">20080624154641.0</marc:controlfield><marc:controlfield tag="001">1048</marc:controlfield><marc:controlfield tag="003">TxDaGIAL</marc:controlfield><marc:datafield tag="852" ind1=" " ind2=" "><marc:subfield code="p">37741100003293</marc:subfield><marc:subfield code="a">Library</marc:subfield><marc:subfield code="x">COPYID:1261</marc:subfield><marc:subfield code="x">FSC@aRegular@c19950406</marc:subfield><marc:subfield code="h">016.4973 P419b 1982</marc:subfield><marc:subfield code="z">orig. acc. no. 9842</marc:subfield></marc:datafield></marc:record>