
<marc:record><marc:leader>01327pam a2200277 a 4500</marc:leader>
<marc:controlfield tag="008">900314m19909999ne       b    00110 eng  </marc:controlfield>
<marc:datafield tag="010" ind1=" " ind2=" "><marc:subfield code="a">   90000426</marc:subfield></marc:datafield><marc:datafield tag="020" ind1=" " ind2=" "><marc:subfield code="a">9027237433 (v. 1 : alk. paper) :</marc:subfield><marc:subfield code="c">$105.00 (U.S.)</marc:subfield></marc:datafield><marc:datafield tag="040" ind1=" " ind2=" "><marc:subfield code="a">DLC</marc:subfield><marc:subfield code="c">DLC</marc:subfield><marc:subfield code="d">DLC</marc:subfield></marc:datafield><marc:datafield tag="050" ind1="0" ind2="0"><marc:subfield code="a">Z7001</marc:subfield><marc:subfield code="b">.T78 1990</marc:subfield><marc:subfield code="a">P371</marc:subfield></marc:datafield><marc:datafield tag="082" ind1="0" ind2="0"><marc:subfield code="a">016.01641</marc:subfield><marc:subfield code="2">20</marc:subfield></marc:datafield><marc:datafield tag="100" ind1="1" ind2="0"><marc:subfield code="a">Troike, Rudolph C.</marc:subfield></marc:datafield><marc:datafield tag="245" ind1="1" ind2="0"><marc:subfield code="a">Bibliography of bibliographies of the languages of the world /</marc:subfield><marc:subfield code="c">compiled by Rudolph C. Troike.</marc:subfield></marc:datafield><marc:datafield tag="260" ind1="0" ind2=" "><marc:subfield code="a">Amsterdam ;</marc:subfield><marc:subfield code="a">Philadelphia :</marc:subfield><marc:subfield code="b">J. Benjamins Pub. Co.,</marc:subfield><marc:subfield code="c">1990-</marc:subfield></marc:datafield><marc:datafield tag="300" ind1=" " ind2=" "><marc:subfield code="a">v. &lt;1   &gt; ;</marc:subfield><marc:subfield code="c">23 cm.</marc:subfield></marc:datafield><marc:datafield tag="490" ind1="1" ind2=" "><marc:subfield code="a">Amsterdam studies in the theory and history of linguistic science. Series V, Library &amp; information sources in linguistics,</marc:subfield><marc:subfield code="x">0165-7267 ;</marc:subfield><marc:subfield code="v">v. 19</marc:subfield></marc:datafield><marc:datafield tag="500" ind1=" " ind2=" "><marc:subfield code="a">Includes indexes.</marc:subfield></marc:datafield><marc:datafield tag="505" ind1="1" ind2=" "><marc:subfield code="a">v. 1. General and Indo-European languages of Europe.</marc:subfield></marc:datafield><marc:datafield tag="650" ind1=" " ind2="0"><marc:subfield code="a">Bibliography of bibliographies</marc:subfield><marc:subfield code="x">Language and languages.</marc:subfield></marc:datafield><marc:datafield tag="650" ind1=" " ind2="0"><marc:subfield code="a">Bibliographical literature</marc:subfield><marc:subfield code="v">Bibliography</marc:subfield><marc:subfield code="x">Language and languages.</marc:subfield></marc:datafield><marc:datafield tag="830" ind1=" " ind2="0"><marc:subfield code="a">Amsterdam studies in the theory and history of linguistic science.</marc:subfield><marc:subfield code="n">Series V,</marc:subfield><marc:subfield code="p">Library and information sources in linguistics ;</marc:subfield><marc:subfield code="v">19.</marc:subfield></marc:datafield><marc:datafield tag="035" ind1=" " ind2=" "><marc:subfield code="a">(TxDaGIAL)37741200000003</marc:subfield></marc:datafield><marc:controlfield tag="005">20080624154641.0</marc:controlfield><marc:controlfield tag="001">1050</marc:controlfield><marc:controlfield tag="003">TxDaGIAL</marc:controlfield><marc:datafield tag="852" ind1=" " ind2=" "><marc:subfield code="p">37741200000003</marc:subfield><marc:subfield code="a">Library</marc:subfield><marc:subfield code="9">$105.00</marc:subfield><marc:subfield code="x">COPYID:1263</marc:subfield><marc:subfield code="x">FSC@aReference@c19950127</marc:subfield><marc:subfield code="h">REF 016.01641 T845b 1990</marc:subfield><marc:subfield code="z">B/T 1-9-91</marc:subfield></marc:datafield></marc:record>