
<marc:record><marc:leader>00966nam a2200253   4500</marc:leader>
<marc:controlfield tag="008">730123s1972    inu      b    00100 eng  </marc:controlfield>
<marc:datafield tag="010" ind1=" " ind2=" "><marc:subfield code="a">   79184526</marc:subfield></marc:datafield><marc:datafield tag="020" ind1=" " ind2=" "><marc:subfield code="a">0253333407</marc:subfield></marc:datafield><marc:datafield tag="040" ind1=" " ind2=" "><marc:subfield code="a">DLC</marc:subfield><marc:subfield code="c">DLC</marc:subfield><marc:subfield code="d">TxDaGIAL</marc:subfield></marc:datafield><marc:datafield tag="050" ind1="0" ind2=" "><marc:subfield code="a">Z5814.C5</marc:subfield><marc:subfield code="b">L4 1972</marc:subfield></marc:datafield><marc:datafield tag="082" ind1=" " ind2=" "><marc:subfield code="a">016.1554/13</marc:subfield></marc:datafield><marc:datafield tag="100" ind1="1" ind2="0"><marc:subfield code="a">Leopold, Werner F.,</marc:subfield><marc:subfield code="d">1896-</marc:subfield></marc:datafield><marc:datafield tag="245" ind1="1" ind2="0"><marc:subfield code="a">Bibliography of child language. /</marc:subfield><marc:subfield code="c">Rev. and augmented by Dan Isaac Slobin.</marc:subfield></marc:datafield><marc:datafield tag="260" ind1="0" ind2=" "><marc:subfield code="a">Bloomington :</marc:subfield><marc:subfield code="b">Indiana University Press,</marc:subfield><marc:subfield code="c">[1972]</marc:subfield></marc:datafield><marc:datafield tag="300" ind1=" " ind2=" "><marc:subfield code="a">xviii, 202 p. ;</marc:subfield><marc:subfield code="c">25 cm.</marc:subfield></marc:datafield><marc:datafield tag="490" ind1="1" ind2=" "><marc:subfield code="a">Indiana University studies in the history and theory of linguistics</marc:subfield></marc:datafield><marc:datafield tag="650" ind1=" " ind2="0"><marc:subfield code="a">Children</marc:subfield><marc:subfield code="x">Language</marc:subfield><marc:subfield code="v">Bibliography.</marc:subfield></marc:datafield><marc:datafield tag="700" ind1="1" ind2="0"><marc:subfield code="a">Slobin, Dan Isaac,</marc:subfield><marc:subfield code="d">1939-</marc:subfield></marc:datafield><marc:datafield tag="810" ind1="1" ind2=" "><marc:subfield code="a">Indiana.</marc:subfield><marc:subfield code="b">University.</marc:subfield><marc:subfield code="t">Indiana University studies in the history and theory of linguistics.</marc:subfield></marc:datafield><marc:datafield tag="035" ind1=" " ind2=" "><marc:subfield code="a">(TxDaGIAL)37741100011429</marc:subfield></marc:datafield><marc:controlfield tag="005">20080624154642.0</marc:controlfield><marc:controlfield tag="001">1052</marc:controlfield><marc:controlfield tag="003">TxDaGIAL</marc:controlfield><marc:datafield tag="852" ind1=" " ind2=" "><marc:subfield code="p">37741100011429</marc:subfield><marc:subfield code="a">Library</marc:subfield><marc:subfield code="x">COPYID:1265</marc:subfield><marc:subfield code="x">FSC@aRegular@c19960515</marc:subfield><marc:subfield code="h">016.1554 L587b 1972</marc:subfield><marc:subfield code="z">4184</marc:subfield></marc:datafield></marc:record>