
<marc:record><marc:leader>00872pam a2200253 i 4500</marc:leader>
<marc:controlfield tag="008">750819s1976    nyu      b    00110 eng  </marc:controlfield>
<marc:datafield tag="010" ind1=" " ind2=" "><marc:subfield code="a">   75021675</marc:subfield></marc:datafield><marc:datafield tag="020" ind1=" " ind2=" "><marc:subfield code="a">0879891025</marc:subfield></marc:datafield><marc:datafield tag="040" ind1=" " ind2=" "><marc:subfield code="a">DLC</marc:subfield><marc:subfield code="c">DLC</marc:subfield><marc:subfield code="d">DLC</marc:subfield></marc:datafield><marc:datafield tag="043" ind1=" " ind2=" "><marc:subfield code="a">n------</marc:subfield></marc:datafield><marc:datafield tag="050" ind1="0" ind2=" "><marc:subfield code="a">Z1209.2.N67</marc:subfield><marc:subfield code="b">H6</marc:subfield><marc:subfield code="a">E77</marc:subfield></marc:datafield><marc:datafield tag="082" ind1=" " ind2=" "><marc:subfield code="a">016.97/0004/97</marc:subfield></marc:datafield><marc:datafield tag="100" ind1="1" ind2="0"><marc:subfield code="a">Hodge, William H.,</marc:subfield><marc:subfield code="d">1932-</marc:subfield></marc:datafield><marc:datafield tag="245" ind1="1" ind2="2"><marc:subfield code="a">A bibliography of contemporary north American Indians :</marc:subfield><marc:subfield code="b">selected and partially annotated with study guides /</marc:subfield><marc:subfield code="c">William H. Hodge.</marc:subfield></marc:datafield><marc:datafield tag="260" ind1="0" ind2=" "><marc:subfield code="a">New York :</marc:subfield><marc:subfield code="b">Interland Pub.,</marc:subfield><marc:subfield code="c">1976.</marc:subfield></marc:datafield><marc:datafield tag="300" ind1=" " ind2=" "><marc:subfield code="a">xvi, 310 p. ;</marc:subfield><marc:subfield code="c">24 cm.</marc:subfield></marc:datafield><marc:datafield tag="500" ind1=" " ind2=" "><marc:subfield code="a">Includes indexes.</marc:subfield></marc:datafield><marc:datafield tag="650" ind1=" " ind2="0"><marc:subfield code="a">Indians of North America</marc:subfield><marc:subfield code="v">Bibliography.</marc:subfield></marc:datafield><marc:datafield tag="740" ind1="0" ind2="1"><marc:subfield code="a">North American Indians.</marc:subfield></marc:datafield><marc:datafield tag="035" ind1=" " ind2=" "><marc:subfield code="a">(TxDaGIAL)37741100003315</marc:subfield></marc:datafield><marc:controlfield tag="005">20080624154642.0</marc:controlfield><marc:controlfield tag="001">1054</marc:controlfield><marc:controlfield tag="003">TxDaGIAL</marc:controlfield><marc:datafield tag="852" ind1=" " ind2=" "><marc:subfield code="p">37741100003315</marc:subfield><marc:subfield code="a">Library</marc:subfield><marc:subfield code="x">COPYID:1267</marc:subfield><marc:subfield code="x">FSC@aRegular@c19950407</marc:subfield><marc:subfield code="h">016.97 H688b 1976</marc:subfield><marc:subfield code="z">5001</marc:subfield></marc:datafield></marc:record>