
<marc:record><marc:leader>01430nam a2200325Ia 4500</marc:leader>
<marc:controlfield tag="008">760825s1969    fr       b   i00110 eng d</marc:controlfield>
<marc:datafield tag="035" ind1=" " ind2=" "><marc:subfield code="a">(CU-UC)1959115</marc:subfield></marc:datafield><marc:datafield tag="040" ind1=" " ind2=" "><marc:subfield code="a">FDA</marc:subfield><marc:subfield code="c">FDA</marc:subfield><marc:subfield code="d">m.c.</marc:subfield><marc:subfield code="d">CU-Riv</marc:subfield></marc:datafield><marc:datafield tag="041" ind1="0" ind2=" "><marc:subfield code="a">engfrespa</marc:subfield></marc:datafield><marc:datafield tag="110" ind1="2" ind2="0"><marc:subfield code="a">Unesco.</marc:subfield></marc:datafield><marc:datafield tag="245" ind1="1" ind2="0"><marc:subfield code="a">Bibliography of interlingual scientific and technical dictionaries =</marc:subfield><marc:subfield code="b">Bibliographie de dictionnaires scientifiques et techniques multilingues = Bibliografa de diccionarios cientficos y tcnicos plurilinges /</marc:subfield><marc:subfield code="c">Unesco.</marc:subfield></marc:datafield><marc:datafield tag="250" ind1=" " ind2=" "><marc:subfield code="a">5th ed.</marc:subfield></marc:datafield><marc:datafield tag="260" ind1="0" ind2=" "><marc:subfield code="a">Paris :</marc:subfield><marc:subfield code="b">The Organization,</marc:subfield><marc:subfield code="c">1969.</marc:subfield></marc:datafield><marc:datafield tag="300" ind1=" " ind2=" "><marc:subfield code="a">250 p. ;</marc:subfield><marc:subfield code="c">24 cm.</marc:subfield></marc:datafield><marc:datafield tag="490" ind1="0" ind2=" "><marc:subfield code="a">Documentation and terminology of science</marc:subfield></marc:datafield><marc:datafield tag="500" ind1=" " ind2=" "><marc:subfield code="a">Earlier editions by J. E. Holmstrom.</marc:subfield></marc:datafield><marc:datafield tag="500" ind1=" " ind2=" "><marc:subfield code="a">Includes indexes.</marc:subfield></marc:datafield><marc:datafield tag="500" ind1=" " ind2=" "><marc:subfield code="a">English, French and Spanish.</marc:subfield></marc:datafield><marc:datafield tag="546" ind1=" " ind2=" "><marc:subfield code="a">English.</marc:subfield></marc:datafield><marc:datafield tag="650" ind1=" " ind2="0"><marc:subfield code="a">Encyclopedias and dictionaries</marc:subfield><marc:subfield code="v">Bibliography.</marc:subfield></marc:datafield><marc:datafield tag="650" ind1=" " ind2="0"><marc:subfield code="a">Science</marc:subfield><marc:subfield code="v">Dictionaries</marc:subfield><marc:subfield code="v">Bibliography.</marc:subfield></marc:datafield><marc:datafield tag="650" ind1=" " ind2="0"><marc:subfield code="a">Technology</marc:subfield><marc:subfield code="x">Dictionaries</marc:subfield><marc:subfield code="v">Bibliography.</marc:subfield></marc:datafield><marc:datafield tag="700" ind1="1" ind2="1"><marc:subfield code="a">Holmstrom, John Edwin,</marc:subfield><marc:subfield code="d">1898-</marc:subfield><marc:subfield code="t">Bibliography of interlingual scientific and technical dictionaries.</marc:subfield></marc:datafield><marc:datafield tag="740" ind1="0" ind2="1"><marc:subfield code="a">Bibliographie de dictionnaires scientifiques et techniques multilingues.</marc:subfield></marc:datafield><marc:datafield tag="740" ind1="0" ind2="1"><marc:subfield code="a">Bibliografa de diccionarios cientficos y tcnicos plurilinges.</marc:subfield></marc:datafield><marc:datafield tag="035" ind1=" " ind2=" "><marc:subfield code="a">(TxDaGIAL)37741100020220</marc:subfield></marc:datafield><marc:controlfield tag="005">20080624154642.0</marc:controlfield><marc:controlfield tag="001">1056</marc:controlfield><marc:controlfield tag="003">TxDaGIAL</marc:controlfield><marc:datafield tag="852" ind1=" " ind2=" "><marc:subfield code="p">37741100020220</marc:subfield><marc:subfield code="a">Library</marc:subfield><marc:subfield code="x">COPYID:1269</marc:subfield><marc:subfield code="x">FSC@aRegular@c19970905</marc:subfield><marc:subfield code="h">016.03 B582 1969</marc:subfield><marc:subfield code="z">3730</marc:subfield></marc:datafield></marc:record>