
<marc:record><marc:leader>01061cam a2200265 a 4500</marc:leader>
<marc:controlfield tag="008">840110q19801985onc      bc  l00010 eng  </marc:controlfield>
<marc:datafield tag="010" ind1=" " ind2=" "><marc:subfield code="a">   84102502 //r92</marc:subfield></marc:datafield><marc:datafield tag="040" ind1=" " ind2=" "><marc:subfield code="a">DLC</marc:subfield><marc:subfield code="c">DLC</marc:subfield><marc:subfield code="d">DLC</marc:subfield></marc:datafield><marc:datafield tag="043" ind1=" " ind2=" "><marc:subfield code="a">n-cn-on</marc:subfield></marc:datafield><marc:datafield tag="050" ind1="0" ind2="0"><marc:subfield code="a">Z7119.E7</marc:subfield><marc:subfield code="b">E38 1980z</marc:subfield><marc:subfield code="a">PM61</marc:subfield></marc:datafield><marc:datafield tag="082" ind1="0" ind2="0"><marc:subfield code="a">016.497/1</marc:subfield><marc:subfield code="2">19</marc:subfield></marc:datafield><marc:datafield tag="100" ind1="1" ind2=" "><marc:subfield code="a">Edwards, Barry J.</marc:subfield></marc:datafield><marc:datafield tag="245" ind1="1" ind2="2"><marc:subfield code="a">A bibliography of Inuit (Eskimo) linguistics in collections of the Metropolitan Toronto Library /</marc:subfield><marc:subfield code="c">compiled by Barry Edwards in collaboration with Mary Love.</marc:subfield></marc:datafield><marc:datafield tag="260" ind1="0" ind2=" "><marc:subfield code="a">Toronto, Ont., Canada :</marc:subfield><marc:subfield code="b">Metropolitan Toronto Library Board, Languages Centre,</marc:subfield><marc:subfield code="c">[198-]</marc:subfield></marc:datafield><marc:datafield tag="300" ind1=" " ind2=" "><marc:subfield code="a">iii, 36 p. ;</marc:subfield><marc:subfield code="c">28 cm.</marc:subfield></marc:datafield><marc:datafield tag="500" ind1=" " ind2=" "><marc:subfield code="a">Cover title.</marc:subfield></marc:datafield><marc:datafield tag="650" ind1=" " ind2="0"><marc:subfield code="a">Inuit language</marc:subfield><marc:subfield code="v">Bibliography</marc:subfield><marc:subfield code="v">Catalogs.</marc:subfield></marc:datafield><marc:datafield tag="610" ind1="2" ind2="0"><marc:subfield code="a">Metropolitan Toronto Central Library.</marc:subfield><marc:subfield code="b">Languages Centre</marc:subfield><marc:subfield code="v">Catalogs.</marc:subfield></marc:datafield><marc:datafield tag="700" ind1="1" ind2="0"><marc:subfield code="a">Love, Mary.</marc:subfield></marc:datafield><marc:datafield tag="710" ind1="2" ind2="0"><marc:subfield code="a">Metropolitan Toronto Central Library.</marc:subfield><marc:subfield code="b">Languages Centre.</marc:subfield></marc:datafield><marc:datafield tag="035" ind1=" " ind2=" "><marc:subfield code="a">(TxDaGIAL)37741100012602</marc:subfield></marc:datafield><marc:controlfield tag="005">20080624154643.0</marc:controlfield><marc:controlfield tag="001">1057</marc:controlfield><marc:controlfield tag="003">TxDaGIAL</marc:controlfield><marc:datafield tag="852" ind1=" " ind2=" "><marc:subfield code="p">37741100012602</marc:subfield><marc:subfield code="a">Library</marc:subfield><marc:subfield code="x">COPYID:1270</marc:subfield><marc:subfield code="x">FSC@aRegular@c19960718</marc:subfield><marc:subfield code="h">016.4971 E26b 1982</marc:subfield></marc:datafield></marc:record>