
<marc:record><marc:leader>00992cam a2200241Ia 4500</marc:leader>
<marc:controlfield tag="008">960807s1996    hiu      b   s001 0 eng d</marc:controlfield>
<marc:datafield tag="035" ind1=" " ind2=" "><marc:subfield code="a">(CU-UC)10854337</marc:subfield></marc:datafield><marc:datafield tag="040" ind1=" " ind2=" "><marc:subfield code="a">OUN</marc:subfield><marc:subfield code="c">OUN</marc:subfield><marc:subfield code="d">GZM</marc:subfield><marc:subfield code="d">CUS</marc:subfield></marc:datafield><marc:datafield tag="043" ind1=" " ind2=" "><marc:subfield code="a">a-io---</marc:subfield></marc:datafield><marc:datafield tag="100" ind1="1" ind2=" "><marc:subfield code="a">Holton, Gary.</marc:subfield></marc:datafield><marc:datafield tag="245" ind1="1" ind2="0"><marc:subfield code="a">Bibliography of language and language use in north and central Maluku /</marc:subfield><marc:subfield code="c">prepared by Gary Holton.</marc:subfield></marc:datafield><marc:datafield tag="260" ind1=" " ind2=" "><marc:subfield code="a">Honolulu, HI :</marc:subfield><marc:subfield code="b">Center for Southeast Asian Studies, School of Hawaiian, Asian and Pacific Studies, University of Hawaii at Manoa,</marc:subfield><marc:subfield code="c">c1996.</marc:subfield></marc:datafield><marc:datafield tag="300" ind1=" " ind2=" "><marc:subfield code="a">iv, 95, xiv p. ;</marc:subfield><marc:subfield code="c">28 cm.</marc:subfield></marc:datafield><marc:datafield tag="440" ind1=" " ind2="0"><marc:subfield code="a">Southeast Asia paper ;</marc:subfield><marc:subfield code="v">no. 40.</marc:subfield></marc:datafield><marc:datafield tag="500" ind1=" " ind2=" "><marc:subfield code="a">Includes index.</marc:subfield></marc:datafield><marc:datafield tag="546" ind1=" " ind2=" "><marc:subfield code="a">English.</marc:subfield></marc:datafield><marc:datafield tag="651" ind1=" " ind2="0"><marc:subfield code="a">Maluku (Indonesia)</marc:subfield><marc:subfield code="x">Languages</marc:subfield><marc:subfield code="v">Bibliography.</marc:subfield></marc:datafield><marc:datafield tag="710" ind1="2" ind2=" "><marc:subfield code="a">University of Hawaii at Manoa.</marc:subfield><marc:subfield code="b">Center for Southeast Asian Studies.</marc:subfield></marc:datafield><marc:datafield tag="035" ind1=" " ind2=" "><marc:subfield code="a">(TxDaGIAL)37741100017979</marc:subfield></marc:datafield><marc:controlfield tag="005">20080624154643.0</marc:controlfield><marc:controlfield tag="001">1058</marc:controlfield><marc:controlfield tag="003">TxDaGIAL</marc:controlfield><marc:datafield tag="852" ind1=" " ind2=" "><marc:subfield code="p">37741100017979</marc:subfield><marc:subfield code="a">Library</marc:subfield><marc:subfield code="9">$16.50</marc:subfield><marc:subfield code="x">FUND:Ling</marc:subfield><marc:subfield code="x">COPYID:1271</marc:subfield><marc:subfield code="x">FSC@aRegular@c19970521</marc:subfield><marc:subfield code="h">016.95985 H758b 1996</marc:subfield><marc:subfield code="z">11-96</marc:subfield></marc:datafield></marc:record>