
<marc:record><marc:leader>00692nam a22001697a 4500</marc:leader>
<marc:controlfield tag="008">831008 1951||||   |||| ||||||0|||||eng| </marc:controlfield>
<marc:datafield tag="010" ind1=" " ind2=" "><marc:subfield code="a">   83211783</marc:subfield></marc:datafield><marc:datafield tag="050" ind1="0" ind2=" "><marc:subfield code="a">MLCM 83/7642 (P)</marc:subfield></marc:datafield><marc:datafield tag="245" ind1="0" ind2="0"><marc:subfield code="a">Bibliography of linguistic, ethnographic, and literacy materials :</marc:subfield><marc:subfield code="b">as of September, 1951 /</marc:subfield><marc:subfield code="c">by members of the Summer Institute of Linguistics.</marc:subfield></marc:datafield><marc:datafield tag="260" ind1=" " ind2=" "><marc:subfield code="a">Glendale, Calif. :</marc:subfield><marc:subfield code="b">The Institute,</marc:subfield><marc:subfield code="c">[1951]</marc:subfield></marc:datafield><marc:datafield tag="300" ind1=" " ind2=" "><marc:subfield code="a">iv, 17 p. ; 23 cm.</marc:subfield></marc:datafield><marc:datafield tag="035" ind1=" " ind2=" "><marc:subfield code="a">(TxDaGIAL)37741100011407</marc:subfield></marc:datafield><marc:controlfield tag="005">20080624154643.0</marc:controlfield><marc:controlfield tag="001">1059</marc:controlfield><marc:controlfield tag="003">TxDaGIAL</marc:controlfield><marc:datafield tag="852" ind1=" " ind2=" "><marc:subfield code="p">37741100011407</marc:subfield><marc:subfield code="a">Library</marc:subfield><marc:subfield code="x">COPYID:1272</marc:subfield><marc:subfield code="x">FSC@aRegular@c19960515</marc:subfield><marc:subfield code="h">016.41 S955 1951</marc:subfield></marc:datafield><marc:datafield tag="852" ind1=" " ind2=" "><marc:subfield code="p">37741100011408</marc:subfield><marc:subfield code="a">Library</marc:subfield><marc:subfield code="x">COPYID:1273</marc:subfield><marc:subfield code="x">FSC@aRegular@c19960515</marc:subfield><marc:subfield code="h">016.41 S955 1951</marc:subfield></marc:datafield></marc:record>