
<marc:record><marc:leader>00832nam a2200241   4500</marc:leader>
<marc:controlfield tag="008">721205s1971    abc      b    00110 eng  </marc:controlfield>
<marc:datafield tag="010" ind1=" " ind2=" "><marc:subfield code="a">   72195378</marc:subfield></marc:datafield><marc:datafield tag="015" ind1=" " ind2=" "><marc:subfield code="a">C***</marc:subfield></marc:datafield><marc:datafield tag="040" ind1=" " ind2=" "><marc:subfield code="a">DLC</marc:subfield><marc:subfield code="c">DLC</marc:subfield><marc:subfield code="d">TxDaGIAL</marc:subfield></marc:datafield><marc:datafield tag="050" ind1="0" ind2=" "><marc:subfield code="a">Z7001</marc:subfield><marc:subfield code="b">.D55</marc:subfield></marc:datafield><marc:datafield tag="082" ind1=" " ind2=" "><marc:subfield code="a">016.41</marc:subfield></marc:datafield><marc:datafield tag="100" ind1="1" ind2="0"><marc:subfield code="a">Dingwall, William Orr.</marc:subfield></marc:datafield><marc:datafield tag="245" ind1="1" ind2="2"><marc:subfield code="a">A bibliography of linguistic esoterica: 1970. /</marc:subfield><marc:subfield code="c">compiled by William Orr Dingwall.</marc:subfield></marc:datafield><marc:datafield tag="260" ind1="0" ind2=" "><marc:subfield code="a">Edmonton, Alta. ;</marc:subfield><marc:subfield code="a">Champaign, Ill. :</marc:subfield><marc:subfield code="b">Linguistic Research,</marc:subfield><marc:subfield code="c">c1971.</marc:subfield></marc:datafield><marc:datafield tag="300" ind1=" " ind2=" "><marc:subfield code="a">viii, 163 p. ;</marc:subfield><marc:subfield code="c">23 cm.</marc:subfield></marc:datafield><marc:datafield tag="490" ind1="0" ind2=" "><marc:subfield code="a">Linguistic bibliography series ;</marc:subfield><marc:subfield code="v">1</marc:subfield></marc:datafield><marc:datafield tag="650" ind1=" " ind2="0"><marc:subfield code="a">Linguistics</marc:subfield><marc:subfield code="v">Bibliography.</marc:subfield></marc:datafield><marc:datafield tag="650" ind1=" " ind2="0"><marc:subfield code="a">Language and languages</marc:subfield><marc:subfield code="v">Bibliography.</marc:subfield></marc:datafield><marc:datafield tag="035" ind1=" " ind2=" "><marc:subfield code="a">(TxDaGIAL)37741100006184</marc:subfield></marc:datafield><marc:controlfield tag="005">20080624154643.0</marc:controlfield><marc:controlfield tag="001">1060</marc:controlfield><marc:controlfield tag="003">TxDaGIAL</marc:controlfield><marc:datafield tag="852" ind1=" " ind2=" "><marc:subfield code="p">37741100006184</marc:subfield><marc:subfield code="a">Library</marc:subfield><marc:subfield code="x">COPYID:1274</marc:subfield><marc:subfield code="x">FSC@aRegular@c19950803</marc:subfield><marc:subfield code="h">016.4 D584b 1971</marc:subfield><marc:subfield code="z">3344</marc:subfield></marc:datafield></marc:record>