
<marc:record><marc:leader>01055nam a2200229Ii 4500</marc:leader>
<marc:controlfield tag="008">781113s1978    nyu      b   s000 0 eng d</marc:controlfield>
<marc:datafield tag="040" ind1=" " ind2=" "><marc:subfield code="d">TxDaGIAL</marc:subfield></marc:datafield><marc:datafield tag="245" ind1="0" ind2="0"><marc:subfield code="a">Bibliography of Mayan languages and linguistics /</marc:subfield><marc:subfield code="c">by Lyle Campbell... [et al.].</marc:subfield></marc:datafield><marc:datafield tag="260" ind1=" " ind2=" "><marc:subfield code="a">[Albany, N.Y.] :</marc:subfield><marc:subfield code="b">Institute for MesoAmerican Studies, State University of New York at Albany,</marc:subfield><marc:subfield code="c">1978.</marc:subfield></marc:datafield><marc:datafield tag="300" ind1=" " ind2=" "><marc:subfield code="a">v, 182 p. ;</marc:subfield><marc:subfield code="c">28 cm.</marc:subfield></marc:datafield><marc:datafield tag="490" ind1="1" ind2=" "><marc:subfield code="a">Publication - Institute for MesoAmerican Studies, State University of New York ; no. 3.</marc:subfield></marc:datafield><marc:datafield tag="500" ind1=" " ind2=" "><marc:subfield code="a">Errata leaf inserted.</marc:subfield></marc:datafield><marc:datafield tag="650" ind1=" " ind2="0"><marc:subfield code="a">Mayan languages</marc:subfield><marc:subfield code="v">Bibliography.</marc:subfield></marc:datafield><marc:datafield tag="650" ind1=" " ind2="0"><marc:subfield code="a">Mayan philology</marc:subfield><marc:subfield code="v">Bibliography.</marc:subfield></marc:datafield><marc:datafield tag="700" ind1="1" ind2="0"><marc:subfield code="a">Campbell, Lyle.</marc:subfield></marc:datafield><marc:datafield tag="830" ind1=" " ind2="0"><marc:subfield code="a">Publication (State University of New York at Albany. Institute for Mesoamerican Studies) ;</marc:subfield><marc:subfield code="v">no. 3.</marc:subfield></marc:datafield><marc:datafield tag="035" ind1=" " ind2=" "><marc:subfield code="a">(TxDaGIAL)37741100016218</marc:subfield></marc:datafield><marc:controlfield tag="005">20080624154643.0</marc:controlfield><marc:controlfield tag="001">1061</marc:controlfield><marc:controlfield tag="003">TxDaGIAL</marc:controlfield><marc:datafield tag="852" ind1=" " ind2=" "><marc:subfield code="p">37741100016218</marc:subfield><marc:subfield code="a">Library</marc:subfield><marc:subfield code="x">COPYID:1275</marc:subfield><marc:subfield code="x">FSC@aRegular@c19970325</marc:subfield><marc:subfield code="h">016.4974 C188b 1978</marc:subfield><marc:subfield code="z">10117</marc:subfield></marc:datafield><marc:datafield tag="852" ind1=" " ind2=" "><marc:subfield code="p">37741100016219</marc:subfield><marc:subfield code="a">Library</marc:subfield><marc:subfield code="x">COPYID:1276</marc:subfield><marc:subfield code="x">FSC@aRegular@c19970325</marc:subfield><marc:subfield code="h">016.4974 C188b 1978</marc:subfield><marc:subfield code="z">10118</marc:subfield></marc:datafield></marc:record>