
<marc:record><marc:leader>00814nam a2200217   4500</marc:leader>
<marc:controlfield tag="008">720229s1971    ohu      b    00110 eng  </marc:controlfield>
<marc:datafield tag="010" ind1=" " ind2=" "><marc:subfield code="a">   76183389</marc:subfield></marc:datafield><marc:datafield tag="040" ind1=" " ind2=" "><marc:subfield code="a">DLC</marc:subfield><marc:subfield code="c">DLC</marc:subfield><marc:subfield code="d">DLC</marc:subfield></marc:datafield><marc:datafield tag="050" ind1="0" ind2=" "><marc:subfield code="a">Z7101.P5</marc:subfield><marc:subfield code="b">A83</marc:subfield></marc:datafield><marc:datafield tag="082" ind1=" " ind2=" "><marc:subfield code="a">016.499/21</marc:subfield></marc:datafield><marc:datafield tag="100" ind1="1" ind2="0"><marc:subfield code="a">Asuncion-Land, Nobleza C.</marc:subfield></marc:datafield><marc:datafield tag="245" ind1="1" ind2="2"><marc:subfield code="a">A bibliography of Philippine linguistics /</marc:subfield><marc:subfield code="c">by Nobleza C. Asuncion-Land.</marc:subfield></marc:datafield><marc:datafield tag="260" ind1="0" ind2=" "><marc:subfield code="a">[Athens] :</marc:subfield><marc:subfield code="b">Ohio University, Center for International Studies,</marc:subfield><marc:subfield code="c">[1971]</marc:subfield></marc:datafield><marc:datafield tag="300" ind1=" " ind2=" "><marc:subfield code="a">xxiii, 147 p. ;</marc:subfield><marc:subfield code="c">27 cm.</marc:subfield></marc:datafield><marc:datafield tag="440" ind1=" " ind2="0"><marc:subfield code="a">Papers in international studies.</marc:subfield><marc:subfield code="p">Southeast Asia series ;</marc:subfield><marc:subfield code="v">20</marc:subfield></marc:datafield><marc:datafield tag="650" ind1=" " ind2="0"><marc:subfield code="a">Philippine languages</marc:subfield><marc:subfield code="v">Bibliography.</marc:subfield></marc:datafield><marc:datafield tag="035" ind1=" " ind2=" "><marc:subfield code="a">(TxDaGIAL)37741100003294</marc:subfield></marc:datafield><marc:controlfield tag="005">20080624154644.0</marc:controlfield><marc:controlfield tag="001">1064</marc:controlfield><marc:controlfield tag="003">TxDaGIAL</marc:controlfield><marc:datafield tag="852" ind1=" " ind2=" "><marc:subfield code="p">37741100003294</marc:subfield><marc:subfield code="a">Library</marc:subfield><marc:subfield code="x">COPYID:1280</marc:subfield><marc:subfield code="x">FSC@aRegular@c19950406</marc:subfield><marc:subfield code="h">016.49921 A861b 1971</marc:subfield><marc:subfield code="z">orig. acc. no. 5332</marc:subfield></marc:datafield></marc:record>