
<marc:record><marc:leader>01003cam a2200241   4500</marc:leader>
<marc:controlfield tag="008">730601s1971    nyu      b    00110 eng  </marc:controlfield>
<marc:datafield tag="010" ind1=" " ind2=" "><marc:subfield code="a">   73161419 //r84</marc:subfield></marc:datafield><marc:datafield tag="040" ind1=" " ind2=" "><marc:subfield code="a">DLC</marc:subfield><marc:subfield code="c">DLC</marc:subfield><marc:subfield code="d">DLC</marc:subfield></marc:datafield><marc:datafield tag="050" ind1="0" ind2=" "><marc:subfield code="a">Z7101.P5</marc:subfield><marc:subfield code="b">W37</marc:subfield></marc:datafield><marc:datafield tag="082" ind1=" " ind2=" "><marc:subfield code="a">016.499/21</marc:subfield></marc:datafield><marc:datafield tag="100" ind1="1" ind2="0"><marc:subfield code="a">Ward, Jack H.</marc:subfield></marc:datafield><marc:datafield tag="245" ind1="1" ind2="2"><marc:subfield code="a">A bibliography of Philippine linguistics and minor languages :</marc:subfield><marc:subfield code="b">with annotations and indices based on works in the Library of Cornell University /</marc:subfield><marc:subfield code="c">by Jack H. Ward.</marc:subfield></marc:datafield><marc:datafield tag="260" ind1="0" ind2=" "><marc:subfield code="a">Ithaca, N.Y. :</marc:subfield><marc:subfield code="b">Southeast Asia Program, Cornell University,</marc:subfield><marc:subfield code="c">1971.</marc:subfield></marc:datafield><marc:datafield tag="300" ind1=" " ind2=" "><marc:subfield code="a">viii, 549 p. ;</marc:subfield><marc:subfield code="c">28 cm.</marc:subfield></marc:datafield><marc:datafield tag="440" ind1=" " ind2="0"><marc:subfield code="a">Linguistics series ;</marc:subfield><marc:subfield code="v">5</marc:subfield></marc:datafield><marc:datafield tag="490" ind1="1" ind2=" "><marc:subfield code="a">[Cornell University. Southeast Asia Program] Data paper ;</marc:subfield><marc:subfield code="v">no. 83</marc:subfield></marc:datafield><marc:datafield tag="650" ind1=" " ind2="0"><marc:subfield code="a">Philippine languages</marc:subfield><marc:subfield code="v">Bibliography.</marc:subfield></marc:datafield><marc:datafield tag="830" ind1=" " ind2="0"><marc:subfield code="a">Data paper (Cornell University. Southeast Asia Program) ;</marc:subfield><marc:subfield code="v">no. 83.</marc:subfield></marc:datafield><marc:datafield tag="035" ind1=" " ind2=" "><marc:subfield code="a">(TxDaGIAL)37741100003295</marc:subfield></marc:datafield><marc:controlfield tag="005">20080624154644.0</marc:controlfield><marc:controlfield tag="001">1065</marc:controlfield><marc:controlfield tag="003">TxDaGIAL</marc:controlfield><marc:datafield tag="852" ind1=" " ind2=" "><marc:subfield code="p">37741100003295</marc:subfield><marc:subfield code="a">Library</marc:subfield><marc:subfield code="x">COPYID:1281</marc:subfield><marc:subfield code="x">FSC@aRegular@c19950406</marc:subfield><marc:subfield code="h">016.49921 W295b 1971</marc:subfield><marc:subfield code="z">2077</marc:subfield></marc:datafield></marc:record>