
<marc:record><marc:leader>01042cam a2200265 i 4500</marc:leader>
<marc:controlfield tag="008">750317s1975    hiu      b    00110 eng  </marc:controlfield>
<marc:datafield tag="010" ind1=" " ind2=" "><marc:subfield code="a">   73091459 //r85</marc:subfield></marc:datafield><marc:datafield tag="020" ind1=" " ind2=" "><marc:subfield code="a">082480306X</marc:subfield></marc:datafield><marc:datafield tag="040" ind1=" " ind2=" "><marc:subfield code="a">DLC</marc:subfield><marc:subfield code="c">DLC</marc:subfield><marc:subfield code="d">DLC</marc:subfield></marc:datafield><marc:datafield tag="050" ind1="0" ind2=" "><marc:subfield code="a">Z7124</marc:subfield><marc:subfield code="b">.R43</marc:subfield><marc:subfield code="a">PM7802</marc:subfield></marc:datafield><marc:datafield tag="082" ind1=" " ind2=" "><marc:subfield code="a">016.417/2</marc:subfield></marc:datafield><marc:datafield tag="100" ind1="1" ind2="0"><marc:subfield code="a">Reinecke, John E.</marc:subfield></marc:datafield><marc:datafield tag="245" ind1="1" ind2="2"><marc:subfield code="a">A bibliography of pidgin and creole languages /</marc:subfield><marc:subfield code="c">compiled by John E. Reinecke, in collaboration with David DeCamp ... [et al.] and with the generous assistance of many more.</marc:subfield></marc:datafield><marc:datafield tag="260" ind1="0" ind2=" "><marc:subfield code="a">Honolulu :</marc:subfield><marc:subfield code="b">University Press of Hawaii,</marc:subfield><marc:subfield code="c">[1975]</marc:subfield></marc:datafield><marc:datafield tag="300" ind1=" " ind2=" "><marc:subfield code="a">lxxii, 804 p. ;</marc:subfield><marc:subfield code="c">24 cm.</marc:subfield></marc:datafield><marc:datafield tag="490" ind1="1" ind2=" "><marc:subfield code="a">Oceanic linguistics special publications ;</marc:subfield><marc:subfield code="v">14</marc:subfield></marc:datafield><marc:datafield tag="500" ind1=" " ind2=" "><marc:subfield code="a">Includes indexes.</marc:subfield></marc:datafield><marc:datafield tag="650" ind1=" " ind2="0"><marc:subfield code="a">Pidgin languages</marc:subfield><marc:subfield code="v">Bibliography.</marc:subfield></marc:datafield><marc:datafield tag="650" ind1=" " ind2="0"><marc:subfield code="a">Creole dialects</marc:subfield><marc:subfield code="v">Bibliography.</marc:subfield></marc:datafield><marc:datafield tag="830" ind1=" " ind2="0"><marc:subfield code="a">Oceanic linguistics special publication ;</marc:subfield><marc:subfield code="v">14.</marc:subfield></marc:datafield><marc:datafield tag="035" ind1=" " ind2=" "><marc:subfield code="a">(TxDaGIAL)37741100003284</marc:subfield></marc:datafield><marc:controlfield tag="005">20080624154645.0</marc:controlfield><marc:controlfield tag="001">1066</marc:controlfield><marc:controlfield tag="003">TxDaGIAL</marc:controlfield><marc:datafield tag="852" ind1=" " ind2=" "><marc:subfield code="p">37741100003284</marc:subfield><marc:subfield code="a">Library</marc:subfield><marc:subfield code="x">COPYID:1282</marc:subfield><marc:subfield code="x">FSC@aRegular@c19950406</marc:subfield><marc:subfield code="h">016.4172 R366b 1975</marc:subfield><marc:subfield code="z">orig. acc. no. 5166</marc:subfield></marc:datafield></marc:record>