
<marc:record><marc:leader>00611Qam a2200193Sa 4500</marc:leader>
<marc:controlfield tag="008">761006s1976    pp            000 0 eng  </marc:controlfield>
<marc:datafield tag="035" ind1=" " ind2=" "><marc:subfield code="a">(CU-UC)1723992</marc:subfield></marc:datafield><marc:datafield tag="040" ind1=" " ind2=" "><marc:subfield code="a">NA</marc:subfield><marc:subfield code="c">CU-SC</marc:subfield></marc:datafield><marc:datafield tag="100" ind1="1" ind2=" "><marc:subfield code="a">Simons, Gary F.</marc:subfield></marc:datafield><marc:datafield tag="245" ind1="1" ind2="0"><marc:subfield code="a">Bibliography of Solomon Island linguistics.</marc:subfield></marc:datafield><marc:datafield tag="260" ind1=" " ind2=" "><marc:subfield code="a">[Ithaca, N.Y.] :</marc:subfield><marc:subfield code="b">Cornell University,</marc:subfield><marc:subfield code="c">[pref. 1976]</marc:subfield></marc:datafield><marc:datafield tag="300" ind1=" " ind2=" "><marc:subfield code="a">vi, 95p.</marc:subfield></marc:datafield><marc:datafield tag="546" ind1=" " ind2=" "><marc:subfield code="a">English.</marc:subfield></marc:datafield><marc:datafield tag="651" ind1=" " ind2="0"><marc:subfield code="a">Solomon Islands</marc:subfield><marc:subfield code="x">Languages</marc:subfield><marc:subfield code="v">Bibliography.</marc:subfield></marc:datafield><marc:datafield tag="035" ind1=" " ind2=" "><marc:subfield code="a">(TxDaGIAL)37741100016709</marc:subfield></marc:datafield><marc:controlfield tag="005">20080624154645.0</marc:controlfield><marc:controlfield tag="001">1067</marc:controlfield><marc:controlfield tag="003">TxDaGIAL</marc:controlfield><marc:datafield tag="852" ind1=" " ind2=" "><marc:subfield code="p">37741100016709</marc:subfield><marc:subfield code="a">Library</marc:subfield><marc:subfield code="x">COPYID:1283</marc:subfield><marc:subfield code="x">FSC@aRegular@c19970414</marc:subfield><marc:subfield code="h">016.49959 S611b 1976</marc:subfield></marc:datafield></marc:record>