
<marc:record><marc:leader>00905Qam a2200253Ia 4500</marc:leader>
<marc:controlfield tag="008">900604s1957    mdu      b    001 0 eng  </marc:controlfield>
<marc:datafield tag="010" ind1=" " ind2=" "><marc:subfield code="a">   57001838</marc:subfield></marc:datafield><marc:datafield tag="035" ind1=" " ind2=" "><marc:subfield code="a">(CU-UC)dlaisn1922313</marc:subfield></marc:datafield><marc:datafield tag="040" ind1=" " ind2=" "><marc:subfield code="a">DLC</marc:subfield><marc:subfield code="c">IAR</marc:subfield></marc:datafield><marc:datafield tag="100" ind1="1" ind2=" "><marc:subfield code="a">Hall, Pauline Cook.</marc:subfield></marc:datafield><marc:datafield tag="245" ind1="1" ind2="2"><marc:subfield code="a">A bibliography of Spanish linguistics :</marc:subfield><marc:subfield code="b">articles in serial publications.</marc:subfield></marc:datafield><marc:datafield tag="260" ind1=" " ind2=" "><marc:subfield code="a">Baltimore :</marc:subfield><marc:subfield code="b">Linguistic Society of America,</marc:subfield><marc:subfield code="c">[1957]</marc:subfield></marc:datafield><marc:datafield tag="300" ind1=" " ind2=" "><marc:subfield code="a">162 p. ;</marc:subfield><marc:subfield code="c">26 cm.</marc:subfield></marc:datafield><marc:datafield tag="490" ind1="1" ind2=" "><marc:subfield code="a">Language dissertation ;</marc:subfield><marc:subfield code="v">no. 54.</marc:subfield></marc:datafield><marc:datafield tag="500" ind1=" " ind2=" "><marc:subfield code="a">Supplement to Language, v. 32, no. 4, pt. 2, Oct.-Dec. 1956.</marc:subfield></marc:datafield><marc:datafield tag="502" ind1=" " ind2=" "><marc:subfield code="a">Thesis--State University of Iowa.</marc:subfield></marc:datafield><marc:datafield tag="546" ind1=" " ind2=" "><marc:subfield code="a">English.</marc:subfield></marc:datafield><marc:datafield tag="650" ind1=" " ind2="0"><marc:subfield code="a">Spanish philology</marc:subfield><marc:subfield code="v">Bibliography.</marc:subfield></marc:datafield><marc:datafield tag="830" ind1=" " ind2="0"><marc:subfield code="a">Language dissertation ;</marc:subfield><marc:subfield code="v">no. 54.</marc:subfield></marc:datafield><marc:datafield tag="035" ind1=" " ind2=" "><marc:subfield code="a">(TxDaGIAL)37741100015064</marc:subfield></marc:datafield><marc:controlfield tag="005">20080624154645.0</marc:controlfield><marc:controlfield tag="001">1068</marc:controlfield><marc:controlfield tag="003">TxDaGIAL</marc:controlfield><marc:datafield tag="852" ind1=" " ind2=" "><marc:subfield code="p">37741100015064</marc:subfield><marc:subfield code="a">Library</marc:subfield><marc:subfield code="x">COPYID:1284</marc:subfield><marc:subfield code="x">FSC@aRegular@c19970211</marc:subfield><marc:subfield code="h">016.46 H178b 1957</marc:subfield><marc:subfield code="z">1587</marc:subfield></marc:datafield></marc:record>