
<marc:record><marc:leader>01102nam a22002651  4500</marc:leader>
<marc:controlfield tag="008">950315s1994    cau           001 0 eng d</marc:controlfield>
<marc:datafield tag="010" ind1=" " ind2=" "><marc:subfield code="a">94-72182</marc:subfield></marc:datafield><marc:datafield tag="020" ind1=" " ind2=" "><marc:subfield code="a">0944613225 :</marc:subfield><marc:subfield code="c">$28.00</marc:subfield></marc:datafield><marc:datafield tag="040" ind1=" " ind2=" "><marc:subfield code="c">TxDaGIAL</marc:subfield><marc:subfield code="d">TxDaGIAL</marc:subfield></marc:datafield><marc:datafield tag="050" ind1="0" ind2="0"><marc:subfield code="a">Z7049.S58</marc:subfield><marc:subfield code="b">L37 1994</marc:subfield><marc:subfield code="a">PL352</marc:subfield></marc:datafield><marc:datafield tag="082" ind1="0" ind2="0"><marc:subfield code="a">016.495</marc:subfield><marc:subfield code="2">20</marc:subfield></marc:datafield><marc:datafield tag="245" ind1="0" ind2="0"><marc:subfield code="a">Bibliography of the International Conferences on Sino-Tibetan Languages and Linguistics I-XXV /</marc:subfield><marc:subfield code="c">Randy J. LaPolla and John B. Lowe.</marc:subfield></marc:datafield><marc:datafield tag="250" ind1=" " ind2=" "><marc:subfield code="a">2nd ed.</marc:subfield></marc:datafield><marc:datafield tag="260" ind1=" " ind2=" "><marc:subfield code="a">Berkeley :</marc:subfield><marc:subfield code="b">SinoTibetan Etymological Dictionary and Thesaurus Project, Center for Southeast Asia Studies, University of California,</marc:subfield><marc:subfield code="c">1994.</marc:subfield></marc:datafield><marc:datafield tag="300" ind1=" " ind2=" "><marc:subfield code="a">lxiv, 308 p. ;</marc:subfield><marc:subfield code="c">26 cm.</marc:subfield></marc:datafield><marc:datafield tag="440" ind1=" " ind2="0"><marc:subfield code="a">STEDT monograph series ;</marc:subfield><marc:subfield code="v">no. 1A</marc:subfield></marc:datafield><marc:datafield tag="500" ind1=" " ind2=" "><marc:subfield code="a">Includes indexes.</marc:subfield></marc:datafield><marc:datafield tag="650" ind1=" " ind2="0"><marc:subfield code="a">Sino-Tibetan languages</marc:subfield><marc:subfield code="v">Bibliography.</marc:subfield></marc:datafield><marc:datafield tag="611" ind1="2" ind2="0"><marc:subfield code="a">International Conference on Sino-Tibetan Languages and Linguistics</marc:subfield><marc:subfield code="v">Bibliography.</marc:subfield></marc:datafield><marc:datafield tag="700" ind1="1" ind2="0"><marc:subfield code="a">Lowe, John B.</marc:subfield></marc:datafield><marc:datafield tag="035" ind1=" " ind2=" "><marc:subfield code="a">(TxDaGIAL)37741100000739</marc:subfield></marc:datafield><marc:controlfield tag="005">20080624154645.0</marc:controlfield><marc:controlfield tag="001">1069</marc:controlfield><marc:controlfield tag="003">TxDaGIAL</marc:controlfield><marc:datafield tag="852" ind1=" " ind2=" "><marc:subfield code="p">37741100000739</marc:subfield><marc:subfield code="a">Library</marc:subfield><marc:subfield code="9">$28.00</marc:subfield><marc:subfield code="x">COPYID:1285</marc:subfield><marc:subfield code="x">FSC@aRegular@c19950315</marc:subfield><marc:subfield code="h">016.495 B582L 1994</marc:subfield><marc:subfield code="z">DIR 12-94</marc:subfield></marc:datafield></marc:record>