
<marc:record><marc:leader>01165nam a2200313 a 4500</marc:leader>
<marc:controlfield tag="008">870401s1986    ph       b    001 0 eng  </marc:controlfield>
<marc:datafield tag="010" ind1=" " ind2=" "><marc:subfield code="a">   87400097</marc:subfield></marc:datafield><marc:datafield tag="020" ind1=" " ind2=" "><marc:subfield code="a">9711800179 (pbk.)</marc:subfield></marc:datafield><marc:datafield tag="040" ind1=" " ind2=" "><marc:subfield code="a">DLC</marc:subfield><marc:subfield code="c">DLC</marc:subfield><marc:subfield code="d">DLC</marc:subfield></marc:datafield><marc:datafield tag="043" ind1=" " ind2=" "><marc:subfield code="a">a-ph---</marc:subfield></marc:datafield><marc:datafield tag="050" ind1="0" ind2="0"><marc:subfield code="a">Z7049.P45</marc:subfield><marc:subfield code="b">C66 1986</marc:subfield><marc:subfield code="a">PL5506</marc:subfield></marc:datafield><marc:datafield tag="082" ind1="0" ind2="0"><marc:subfield code="a">499/.21</marc:subfield><marc:subfield code="2">19</marc:subfield></marc:datafield><marc:datafield tag="100" ind1="1" ind2="0"><marc:subfield code="a">Cook, Marjorie.</marc:subfield></marc:datafield><marc:datafield tag="245" ind1="1" ind2="0"><marc:subfield code="a">Bibliography of the Summer Institute of Linguistics, Philippines, 1953-1984 /</marc:subfield><marc:subfield code="c">compiled by Marjorie Cook, Heather Kilgour, Jeanne Miller.</marc:subfield></marc:datafield><marc:datafield tag="260" ind1="0" ind2=" "><marc:subfield code="a">Manila, Philippines :</marc:subfield><marc:subfield code="b">The Institute,</marc:subfield><marc:subfield code="c">[1986?]</marc:subfield></marc:datafield><marc:datafield tag="300" ind1=" " ind2=" "><marc:subfield code="a">x, 212 p. ;</marc:subfield><marc:subfield code="c">21 cm.</marc:subfield></marc:datafield><marc:datafield tag="500" ind1=" " ind2=" "><marc:subfield code="a">Spine title: Bibliography--SIL Philippines.</marc:subfield></marc:datafield><marc:datafield tag="500" ind1=" " ind2=" "><marc:subfield code="a">Includes indexes.</marc:subfield></marc:datafield><marc:datafield tag="650" ind1=" " ind2="0"><marc:subfield code="a">Philippine languages</marc:subfield><marc:subfield code="v">Bibliography.</marc:subfield></marc:datafield><marc:datafield tag="610" ind1="2" ind2="0"><marc:subfield code="a">Summer Institute of Linguistics--Philippines</marc:subfield><marc:subfield code="v">Bibliography.</marc:subfield></marc:datafield><marc:datafield tag="700" ind1="1" ind2="0"><marc:subfield code="a">Kilgour, Heather.</marc:subfield></marc:datafield><marc:datafield tag="700" ind1="1" ind2="0"><marc:subfield code="a">Miller, Jeanne.</marc:subfield></marc:datafield><marc:datafield tag="710" ind1="2" ind2="0"><marc:subfield code="a">Summer Institute of Linguistics--Philippines.</marc:subfield></marc:datafield><marc:datafield tag="740" ind1="0" ind2="1"><marc:subfield code="a">Bibliography--SIL Philippines.</marc:subfield></marc:datafield><marc:datafield tag="035" ind1=" " ind2=" "><marc:subfield code="a">(TxDaGIAL)37741100021617</marc:subfield></marc:datafield><marc:controlfield tag="005">20080624154646.0</marc:controlfield><marc:controlfield tag="001">1070</marc:controlfield><marc:controlfield tag="003">TxDaGIAL</marc:controlfield><marc:datafield tag="852" ind1=" " ind2=" "><marc:subfield code="p">37741100021617</marc:subfield><marc:subfield code="a">Library</marc:subfield><marc:subfield code="x">COPYID:1286</marc:subfield><marc:subfield code="x">FSC@aRegular@c19971104</marc:subfield><marc:subfield code="h">016.4109599 S955c 1984</marc:subfield><marc:subfield code="z">12709</marc:subfield></marc:datafield></marc:record>