
<marc:record><marc:leader>01240nam a2200301 i 4500</marc:leader>
<marc:controlfield tag="008">750723s1976    pp ab    b    001 0 eng d</marc:controlfield>
<marc:datafield tag="020" ind1=" " ind2=" "><marc:subfield code="a">0726304530</marc:subfield></marc:datafield><marc:datafield tag="040" ind1=" " ind2=" "><marc:subfield code="a">TxDaGIAL</marc:subfield><marc:subfield code="c">TxDaGIAL</marc:subfield></marc:datafield><marc:datafield tag="041" ind1="1" ind2=" "><marc:subfield code="a">engund</marc:subfield></marc:datafield><marc:datafield tag="043" ind1=" " ind2=" "><marc:subfield code="a">a-pp---</marc:subfield></marc:datafield><marc:datafield tag="050" ind1="0" ind2="4"><marc:subfield code="a">Z7771.O3</marc:subfield><marc:subfield code="b">H43</marc:subfield><marc:subfield code="a">BS335.A1 1975</marc:subfield></marc:datafield><marc:datafield tag="082" ind1="0" ind2="0"><marc:subfield code="a">016.2205</marc:subfield></marc:datafield><marc:datafield tag="100" ind1="1" ind2="0"><marc:subfield code="a">Murane, Elizabeth.</marc:subfield></marc:datafield><marc:datafield tag="245" ind1="1" ind2="0"><marc:subfield code="a">Bibliography of the Summer Institute of Linguistics, Papua New Guinea Branch, 1956-1975 :</marc:subfield><marc:subfield code="b">translation /</marc:subfield><marc:subfield code="c">Elizabeth Murane.</marc:subfield></marc:datafield><marc:datafield tag="260" ind1="0" ind2=" "><marc:subfield code="a">Ukarumpa :</marc:subfield><marc:subfield code="b">Summer Institute of Linguistics,</marc:subfield><marc:subfield code="c">1976.</marc:subfield></marc:datafield><marc:datafield tag="300" ind1=" " ind2=" "><marc:subfield code="a">62 p. :</marc:subfield><marc:subfield code="b">ill., maps ;</marc:subfield><marc:subfield code="c">23 cm.</marc:subfield></marc:datafield><marc:datafield tag="504" ind1=" " ind2=" "><marc:subfield code="a">&quot;A bibliography of published Bible translations and related materials by the members of Wycliffe Bible Translators in the Papua New Guinea Branch of the Summer Institute of Linguistics.&quot;.</marc:subfield></marc:datafield><marc:datafield tag="500" ind1=" " ind2=" "><marc:subfield code="a">Running title: Translation.</marc:subfield></marc:datafield><marc:datafield tag="500" ind1=" " ind2=" "><marc:subfield code="a">Includes index.</marc:subfield></marc:datafield><marc:datafield tag="630" ind1="0" ind2="0"><marc:subfield code="a">Bible</marc:subfield><marc:subfield code="x">Versions</marc:subfield><marc:subfield code="v">Bibliography.</marc:subfield></marc:datafield><marc:datafield tag="650" ind1=" " ind2="0"><marc:subfield code="a">Bible stories</marc:subfield><marc:subfield code="v">Bibliography.</marc:subfield></marc:datafield><marc:datafield tag="651" ind1=" " ind2="0"><marc:subfield code="a">New Guinea</marc:subfield><marc:subfield code="x">Languages.</marc:subfield></marc:datafield><marc:datafield tag="710" ind1="2" ind2="0"><marc:subfield code="a">Summer Institute of Linguistics.</marc:subfield><marc:subfield code="b">Papua New Guinea Branch.</marc:subfield></marc:datafield><marc:datafield tag="035" ind1=" " ind2=" "><marc:subfield code="a">(TxDaGIAL)37741100021616</marc:subfield></marc:datafield><marc:controlfield tag="005">20080624154646.0</marc:controlfield><marc:controlfield tag="001">1072</marc:controlfield><marc:controlfield tag="003">TxDaGIAL</marc:controlfield><marc:datafield tag="852" ind1=" " ind2=" "><marc:subfield code="p">37741100021616</marc:subfield><marc:subfield code="a">Library</marc:subfield><marc:subfield code="x">COPYID:1288</marc:subfield><marc:subfield code="x">FSC@aRegular@c19971104</marc:subfield><marc:subfield code="h">016.2205 S955pn 1976</marc:subfield></marc:datafield></marc:record>