
<marc:record><marc:leader>00751nam a2200217Ii 4500</marc:leader>
<marc:controlfield tag="008">780930s1966    pp b     b    00100 eng d</marc:controlfield>
<marc:datafield tag="035" ind1=" " ind2=" "><marc:subfield code="a">(CU-UC)1949292</marc:subfield></marc:datafield><marc:datafield tag="040" ind1=" " ind2=" "><marc:subfield code="a">CU-I</marc:subfield><marc:subfield code="c">CU-I</marc:subfield></marc:datafield><marc:datafield tag="110" ind1="2" ind2="0"><marc:subfield code="a">Summer Institute of Linguistics.</marc:subfield></marc:datafield><marc:datafield tag="245" ind1="1" ind2="0"><marc:subfield code="a">Bibliography of the Summer Institute of Linguistics, New Guinea Branch :</marc:subfield><marc:subfield code="b">linguistics and anthropology.</marc:subfield></marc:datafield><marc:datafield tag="260" ind1="1" ind2=" "><marc:subfield code="a">Ukarumpa :</marc:subfield><marc:subfield code="b">The Institute,</marc:subfield><marc:subfield code="c">1966.</marc:subfield></marc:datafield><marc:datafield tag="300" ind1=" " ind2=" "><marc:subfield code="a">27 p. :</marc:subfield><marc:subfield code="b">maps ;</marc:subfield><marc:subfield code="c">23 cm.</marc:subfield></marc:datafield><marc:datafield tag="500" ind1=" " ind2=" "><marc:subfield code="a">Tenth anniversary issue.</marc:subfield></marc:datafield><marc:datafield tag="500" ind1=" " ind2=" "><marc:subfield code="a">Includes index.</marc:subfield></marc:datafield><marc:datafield tag="546" ind1=" " ind2=" "><marc:subfield code="a">English.</marc:subfield></marc:datafield><marc:datafield tag="650" ind1=" " ind2="0"><marc:subfield code="a">Papuan languages</marc:subfield><marc:subfield code="v">Bibliography.</marc:subfield></marc:datafield><marc:datafield tag="035" ind1=" " ind2=" "><marc:subfield code="a">(TxDaGIAL)37741100021619</marc:subfield></marc:datafield><marc:controlfield tag="005">20080624154647.0</marc:controlfield><marc:controlfield tag="001">1076</marc:controlfield><marc:controlfield tag="003">TxDaGIAL</marc:controlfield><marc:datafield tag="852" ind1=" " ind2=" "><marc:subfield code="p">37741100021619</marc:subfield><marc:subfield code="a">Library</marc:subfield><marc:subfield code="x">COPYID:1292</marc:subfield><marc:subfield code="x">FSC@aRegular@c19971104</marc:subfield><marc:subfield code="h">016.410995 S995pn 1966</marc:subfield></marc:datafield></marc:record>