
<marc:record><marc:leader>01100cam a22002297a 4500</marc:leader>
<marc:controlfield tag="008">831001s1968||||cau|||| ||||||0|||||eng| </marc:controlfield>
<marc:datafield tag="010" ind1=" " ind2=" "><marc:subfield code="a">   83208498 //r93</marc:subfield></marc:datafield><marc:datafield tag="040" ind1=" " ind2=" "><marc:subfield code="a">DLC</marc:subfield><marc:subfield code="c">DLC</marc:subfield><marc:subfield code="d">DLC</marc:subfield><marc:subfield code="d">TxDaGIAL</marc:subfield></marc:datafield><marc:datafield tag="050" ind1="0" ind2="0"><marc:subfield code="a">MLCS 83/8401 (P)</marc:subfield></marc:datafield><marc:datafield tag="100" ind1="1" ind2="0"><marc:subfield code="a">Wares, Alan Campbell.</marc:subfield></marc:datafield><marc:datafield tag="245" ind1="1" ind2="0"><marc:subfield code="a">Bibliography of the Summer Institute of Linguistics, 1935-1968 /</marc:subfield><marc:subfield code="c">compiled by Alan C. Wares.</marc:subfield></marc:datafield><marc:datafield tag="260" ind1="0" ind2=" "><marc:subfield code="a">Santa Ana, Calif. :</marc:subfield><marc:subfield code="b">Summer Institute of Linguistics,</marc:subfield><marc:subfield code="c">1968.</marc:subfield></marc:datafield><marc:datafield tag="300" ind1=" " ind2=" "><marc:subfield code="a">xiv, 124 p. ;</marc:subfield><marc:subfield code="c">21 cm. +</marc:subfield><marc:subfield code="e">4 v. supplements.</marc:subfield></marc:datafield><marc:datafield tag="035" ind1=" " ind2=" "><marc:subfield code="a">(TxDaGIAL)37741100011409</marc:subfield></marc:datafield><marc:controlfield tag="005">20080624154647.0</marc:controlfield><marc:controlfield tag="001">1077</marc:controlfield><marc:controlfield tag="003">TxDaGIAL</marc:controlfield><marc:datafield tag="852" ind1=" " ind2=" "><marc:subfield code="p">37741100011409</marc:subfield><marc:subfield code="a">Library</marc:subfield><marc:subfield code="x">COPYID:1293</marc:subfield><marc:subfield code="x">FSC@aRegular@c19960515</marc:subfield><marc:subfield code="h">016.41 S955 1968</marc:subfield><marc:subfield code="z">2907</marc:subfield></marc:datafield><marc:datafield tag="852" ind1=" " ind2=" "><marc:subfield code="p">37741100011413</marc:subfield><marc:subfield code="a">Library</marc:subfield><marc:subfield code="x">COPYID:1294</marc:subfield><marc:subfield code="x">FSC@aRegular@c19960515</marc:subfield><marc:subfield code="h">016.41 S955 1968 Sup.1</marc:subfield><marc:subfield code="z">3152</marc:subfield></marc:datafield><marc:datafield tag="852" ind1=" " ind2=" "><marc:subfield code="p">37741100011412</marc:subfield><marc:subfield code="a">Library</marc:subfield><marc:subfield code="x">COPYID:1295</marc:subfield><marc:subfield code="x">FSC@aRegular@c19960515</marc:subfield><marc:subfield code="h">016.41 S955 1968 Sup.2</marc:subfield></marc:datafield><marc:datafield tag="852" ind1=" " ind2=" "><marc:subfield code="p">37741100011411</marc:subfield><marc:subfield code="a">Library</marc:subfield><marc:subfield code="x">COPYID:1296</marc:subfield><marc:subfield code="x">FSC@aRegular@c19960515</marc:subfield><marc:subfield code="h">016.41 S955 1968 Sup.3</marc:subfield><marc:subfield code="z">3813</marc:subfield></marc:datafield><marc:datafield tag="852" ind1=" " ind2=" "><marc:subfield code="p">37741100011410</marc:subfield><marc:subfield code="a">Library</marc:subfield><marc:subfield code="x">COPYID:1297</marc:subfield><marc:subfield code="x">FSC@aRegular@c19960515</marc:subfield><marc:subfield code="h">016.41 S955 1968 Sup.4</marc:subfield><marc:subfield code="z">3815</marc:subfield></marc:datafield></marc:record>