
<marc:record><marc:leader>01453cam a2200337 i 4500</marc:leader>
<marc:controlfield tag="008">800423m19799999txu      bc   00110 eng  </marc:controlfield>
<marc:datafield tag="010" ind1=" " ind2=" "><marc:subfield code="a">   79067734 //r85</marc:subfield></marc:datafield><marc:datafield tag="020" ind1=" " ind2=" "><marc:subfield code="a">0883129132 (pbk. : v. 1)</marc:subfield></marc:datafield><marc:datafield tag="020" ind1=" " ind2=" "><marc:subfield code="a">0883129140 (pbk. : v. 2)</marc:subfield></marc:datafield><marc:datafield tag="040" ind1=" " ind2=" "><marc:subfield code="a">DLC</marc:subfield><marc:subfield code="c">DLC</marc:subfield><marc:subfield code="d">TxDaGIAL</marc:subfield></marc:datafield><marc:datafield tag="043" ind1=" " ind2=" "><marc:subfield code="a">n-us---</marc:subfield></marc:datafield><marc:datafield tag="050" ind1="0" ind2=" "><marc:subfield code="a">Z7001</marc:subfield><marc:subfield code="b">.W33</marc:subfield><marc:subfield code="a">P121</marc:subfield></marc:datafield><marc:datafield tag="082" ind1=" " ind2=" "><marc:subfield code="a">016.41</marc:subfield></marc:datafield><marc:datafield tag="100" ind1="1" ind2="0"><marc:subfield code="a">Wares, Alan Campbell.</marc:subfield></marc:datafield><marc:datafield tag="245" ind1="1" ind2="0"><marc:subfield code="a">Bibliography of the Summer Institute of Linguistics /</marc:subfield><marc:subfield code="c">compiled by Alan C. Wares.</marc:subfield></marc:datafield><marc:datafield tag="260" ind1="0" ind2=" "><marc:subfield code="a">Dallas, TX :</marc:subfield><marc:subfield code="b">Summer Institute of Linguistics,</marc:subfield><marc:subfield code="c">1979-&lt;1985   &gt;.</marc:subfield></marc:datafield><marc:datafield tag="300" ind1=" " ind2=" "><marc:subfield code="a">v. &lt;1-2   &gt; ;</marc:subfield><marc:subfield code="c">21 cm. +</marc:subfield><marc:subfield code="e">1 supplement (1986)</marc:subfield></marc:datafield><marc:datafield tag="500" ind1=" " ind2=" "><marc:subfield code="a">Includes indexes.</marc:subfield></marc:datafield><marc:datafield tag="650" ind1=" " ind2="0"><marc:subfield code="a">Linguistics</marc:subfield><marc:subfield code="v">Bibliography</marc:subfield><marc:subfield code="v">Catalogs.</marc:subfield></marc:datafield><marc:datafield tag="610" ind1="2" ind2="0"><marc:subfield code="a">Summer Institute of Linguistics</marc:subfield><marc:subfield code="v">Catalogs.</marc:subfield></marc:datafield><marc:datafield tag="650" ind1=" " ind2="0"><marc:subfield code="a">Catalogs, Publishers'</marc:subfield><marc:subfield code="z">United States.</marc:subfield></marc:datafield><marc:datafield tag="710" ind1="2" ind2="0"><marc:subfield code="a">Summer Institute of Linguistics.</marc:subfield></marc:datafield><marc:datafield tag="035" ind1=" " ind2=" "><marc:subfield code="a">(TxDaGIAL)37741100011415</marc:subfield></marc:datafield><marc:controlfield tag="005">20080624154647.0</marc:controlfield><marc:controlfield tag="001">1078</marc:controlfield><marc:controlfield tag="003">TxDaGIAL</marc:controlfield><marc:datafield tag="852" ind1=" " ind2=" "><marc:subfield code="p">37741100011415</marc:subfield><marc:subfield code="a">Library</marc:subfield><marc:subfield code="x">COPYID:1298</marc:subfield><marc:subfield code="x">FSC@aRegular@c19960515</marc:subfield><marc:subfield code="h">016.41 S955 1979</marc:subfield><marc:subfield code="z">6060</marc:subfield></marc:datafield><marc:datafield tag="852" ind1=" " ind2=" "><marc:subfield code="p">37741100011416</marc:subfield><marc:subfield code="a">Library</marc:subfield><marc:subfield code="x">COPYID:1299</marc:subfield><marc:subfield code="x">FSC@aRegular@c19960515</marc:subfield><marc:subfield code="h">016.41 S955 1979</marc:subfield><marc:subfield code="z">6061</marc:subfield></marc:datafield><marc:datafield tag="852" ind1=" " ind2=" "><marc:subfield code="p">37741100011417</marc:subfield><marc:subfield code="a">Library</marc:subfield><marc:subfield code="x">COPYID:1300</marc:subfield><marc:subfield code="x">FSC@aRegular@c19960515</marc:subfield><marc:subfield code="h">016.41 S955 1985</marc:subfield><marc:subfield code="z">11172</marc:subfield></marc:datafield><marc:datafield tag="852" ind1=" " ind2=" "><marc:subfield code="p">37741100011418</marc:subfield><marc:subfield code="a">Library</marc:subfield><marc:subfield code="x">COPYID:1301</marc:subfield><marc:subfield code="x">FSC@aRegular@c19960515</marc:subfield><marc:subfield code="h">016.41 S955 1985</marc:subfield><marc:subfield code="z">11286</marc:subfield></marc:datafield><marc:datafield tag="852" ind1=" " ind2=" "><marc:subfield code="p">37741100011419</marc:subfield><marc:subfield code="a">Library</marc:subfield><marc:subfield code="x">COPYID:1302</marc:subfield><marc:subfield code="x">FSC@aRegular@c19960515</marc:subfield><marc:subfield code="h">016.41 S955 1986</marc:subfield><marc:subfield code="z">12257</marc:subfield></marc:datafield></marc:record>