
<marc:record><marc:leader>00829cam a2200217   4500</marc:leader>
<marc:controlfield tag="008">721101s1970    cau      b    00110 eng  </marc:controlfield>
<marc:datafield tag="010" ind1=" " ind2=" "><marc:subfield code="a">   72194161</marc:subfield></marc:datafield><marc:datafield tag="040" ind1=" " ind2=" "><marc:subfield code="a">DLC</marc:subfield><marc:subfield code="c">DLC</marc:subfield><marc:subfield code="d">TxDaGIAL</marc:subfield></marc:datafield><marc:datafield tag="050" ind1="0" ind2=" "><marc:subfield code="a">Z7770</marc:subfield><marc:subfield code="b">.W29</marc:subfield></marc:datafield><marc:datafield tag="082" ind1=" " ind2=" "><marc:subfield code="a">016.2205</marc:subfield></marc:datafield><marc:datafield tag="100" ind1="1" ind2="0"><marc:subfield code="a">Wares, Alan Campbell.</marc:subfield></marc:datafield><marc:datafield tag="245" ind1="1" ind2="0"><marc:subfield code="a">Bibliography of the Wycliffe Bible Translators /</marc:subfield><marc:subfield code="c">compiled by Alan C. Wares.</marc:subfield></marc:datafield><marc:datafield tag="260" ind1="0" ind2=" "><marc:subfield code="a">Santa Ana, Calif. :</marc:subfield><marc:subfield code="b">Wycliffe Bible Translators,</marc:subfield><marc:subfield code="c">1970.</marc:subfield></marc:datafield><marc:datafield tag="300" ind1=" " ind2=" "><marc:subfield code="a">xxii, 84 p. ;</marc:subfield><marc:subfield code="c">21 cm.</marc:subfield></marc:datafield><marc:datafield tag="610" ind1="2" ind2="0"><marc:subfield code="a">Wycliffe Bible Translators</marc:subfield><marc:subfield code="v">Bibliography.</marc:subfield></marc:datafield><marc:datafield tag="035" ind1=" " ind2=" "><marc:subfield code="a">(TxDaGIAL)37741100011405</marc:subfield></marc:datafield><marc:controlfield tag="005">20080624154647.0</marc:controlfield><marc:controlfield tag="001">1079</marc:controlfield><marc:controlfield tag="003">TxDaGIAL</marc:controlfield><marc:datafield tag="852" ind1=" " ind2=" "><marc:subfield code="p">37741100011405</marc:subfield><marc:subfield code="a">Library</marc:subfield><marc:subfield code="x">COPYID:1303</marc:subfield><marc:subfield code="x">FSC@aRegular@c19960515</marc:subfield><marc:subfield code="h">016.2205 W977 1970</marc:subfield><marc:subfield code="z">763</marc:subfield></marc:datafield><marc:datafield tag="852" ind1=" " ind2=" "><marc:subfield code="p">37741100011406</marc:subfield><marc:subfield code="a">Library</marc:subfield><marc:subfield code="b">Kenneth L. Pike Coll</marc:subfield><marc:subfield code="x">COPYID:1304</marc:subfield><marc:subfield code="x">FSC@aRegular@c19960515</marc:subfield><marc:subfield code="h">016.2205 W977 1970</marc:subfield><marc:subfield code="z">3142</marc:subfield></marc:datafield></marc:record>