
<marc:record><marc:leader>01067pam a2200277 a 4500</marc:leader>
<marc:controlfield tag="008">880504s1989    nyu      b    00110 eng  </marc:controlfield>
<marc:datafield tag="010" ind1=" " ind2=" "><marc:subfield code="a">   88012774</marc:subfield></marc:datafield><marc:datafield tag="020" ind1=" " ind2=" "><marc:subfield code="a">0889463816</marc:subfield></marc:datafield><marc:datafield tag="040" ind1=" " ind2=" "><marc:subfield code="a">DLC</marc:subfield><marc:subfield code="c">DLC</marc:subfield></marc:datafield><marc:datafield tag="043" ind1=" " ind2=" "><marc:subfield code="a">fb-----</marc:subfield></marc:datafield><marc:datafield tag="050" ind1="0" ind2=" "><marc:subfield code="a">Z5815.A35</marc:subfield><marc:subfield code="b">G7 1989</marc:subfield><marc:subfield code="a">LC67.A435</marc:subfield></marc:datafield><marc:datafield tag="082" ind1="0" ind2=" "><marc:subfield code="a">016.37019/0967</marc:subfield><marc:subfield code="2">19</marc:subfield></marc:datafield><marc:datafield tag="100" ind1="1" ind2="0"><marc:subfield code="a">Grey, Mark A.</marc:subfield></marc:datafield><marc:datafield tag="245" ind1="1" ind2="2"><marc:subfield code="a">A bibliography on education in development and social change in Sub-Saharan Africa /</marc:subfield><marc:subfield code="c">edited and compiled by Mark A. Grey.</marc:subfield></marc:datafield><marc:datafield tag="260" ind1="0" ind2=" "><marc:subfield code="a">Lewiston :</marc:subfield><marc:subfield code="b">E. Mellen Press,</marc:subfield><marc:subfield code="c">c1989.</marc:subfield></marc:datafield><marc:datafield tag="300" ind1=" " ind2=" "><marc:subfield code="a">vi, 143 p. ;</marc:subfield><marc:subfield code="c">24 cm.</marc:subfield></marc:datafield><marc:datafield tag="440" ind1=" " ind2="0"><marc:subfield code="a">Studies in African education ;</marc:subfield><marc:subfield code="v">v. 1</marc:subfield></marc:datafield><marc:datafield tag="500" ind1=" " ind2=" "><marc:subfield code="a">Includes index.</marc:subfield></marc:datafield><marc:datafield tag="650" ind1=" " ind2="0"><marc:subfield code="a">Education</marc:subfield><marc:subfield code="x">Economic aspects</marc:subfield><marc:subfield code="z">Africa, Sub-Saharan</marc:subfield><marc:subfield code="v">Bibliography.</marc:subfield></marc:datafield><marc:datafield tag="650" ind1=" " ind2="0"><marc:subfield code="a">Education</marc:subfield><marc:subfield code="x">Social aspects</marc:subfield><marc:subfield code="z">Africa, Sub-Saharan</marc:subfield><marc:subfield code="v">Bibliography.</marc:subfield></marc:datafield><marc:datafield tag="650" ind1=" " ind2="0"><marc:subfield code="a">Economic development</marc:subfield><marc:subfield code="x">Effect of education on</marc:subfield><marc:subfield code="v">Bibliography.</marc:subfield></marc:datafield><marc:datafield tag="035" ind1=" " ind2=" "><marc:subfield code="a">(TxDaGIAL)37741100006179</marc:subfield></marc:datafield><marc:controlfield tag="005">20080624154648.0</marc:controlfield><marc:controlfield tag="001">1080</marc:controlfield><marc:controlfield tag="003">TxDaGIAL</marc:controlfield><marc:datafield tag="852" ind1=" " ind2=" "><marc:subfield code="p">37741100006179</marc:subfield><marc:subfield code="a">Library</marc:subfield><marc:subfield code="9">$39.95</marc:subfield><marc:subfield code="x">COPYID:1305</marc:subfield><marc:subfield code="x">FSC@aRegular@c19950803</marc:subfield><marc:subfield code="h">016.37019 G844b 1989</marc:subfield><marc:subfield code="z">B/T 6-90</marc:subfield></marc:datafield></marc:record>