
<marc:record><marc:leader>01045cam a2200241 a 4500</marc:leader>
<marc:controlfield tag="008">871106s1987    inu      b    00110 eng d</marc:controlfield>
<marc:datafield tag="035" ind1=" " ind2=" "><marc:subfield code="a">MIUG87-B73102</marc:subfield></marc:datafield><marc:datafield tag="035" ind1=" " ind2=" "><marc:subfield code="a">(CStRLIN)C94230257-B</marc:subfield></marc:datafield><marc:datafield tag="040" ind1=" " ind2=" "><marc:subfield code="a">MiU</marc:subfield><marc:subfield code="c">MiU</marc:subfield></marc:datafield><marc:datafield tag="100" ind1="1" ind2="0"><marc:subfield code="a">Dubinsky, Stanley,</marc:subfield><marc:subfield code="d">1952-</marc:subfield></marc:datafield><marc:datafield tag="245" ind1="1" ind2="2"><marc:subfield code="a">A bibliography on relational grammar through May 1987 :</marc:subfield><marc:subfield code="b">with selected titles on lexical-functional grammar /</marc:subfield><marc:subfield code="c">by Stanley Dubinsky and Carol Rosen.</marc:subfield></marc:datafield><marc:datafield tag="260" ind1="0" ind2=" "><marc:subfield code="a">Bloomington, Ind. :</marc:subfield><marc:subfield code="b">Indiana University Linguistics Club,</marc:subfield><marc:subfield code="c">c1987.</marc:subfield></marc:datafield><marc:datafield tag="300" ind1=" " ind2=" "><marc:subfield code="a">vii, 74 p. ;</marc:subfield><marc:subfield code="c">28 cm.</marc:subfield></marc:datafield><marc:datafield tag="500" ind1=" " ind2=" "><marc:subfield code="a">Includes indexes.</marc:subfield></marc:datafield><marc:datafield tag="650" ind1=" " ind2="0"><marc:subfield code="a">Relational grammar</marc:subfield><marc:subfield code="v">Bibliography.</marc:subfield></marc:datafield><marc:datafield tag="650" ind1=" " ind2="0"><marc:subfield code="a">Grammar, Comparative and general</marc:subfield><marc:subfield code="v">Bibliography.</marc:subfield></marc:datafield><marc:datafield tag="700" ind1="1" ind2="0"><marc:subfield code="a">Rosen, Carol G.</marc:subfield></marc:datafield><marc:datafield tag="035" ind1=" " ind2=" "><marc:subfield code="a">(TxDaGIAL)37741100014028</marc:subfield></marc:datafield><marc:controlfield tag="005">20080624154648.0</marc:controlfield><marc:controlfield tag="001">1081</marc:controlfield><marc:controlfield tag="003">TxDaGIAL</marc:controlfield><marc:datafield tag="852" ind1=" " ind2=" "><marc:subfield code="p">37741100014028</marc:subfield><marc:subfield code="a">Library</marc:subfield><marc:subfield code="9">$6.00</marc:subfield><marc:subfield code="x">COPYID:1306</marc:subfield><marc:subfield code="x">FSC@aRegular@c19961126@j@j@j@i@i@i</marc:subfield><marc:subfield code="h">016.415 D814b 1987</marc:subfield><marc:subfield code="z">12915</marc:subfield></marc:datafield><marc:datafield tag="852" ind1=" " ind2=" "><marc:subfield code="p">37741100014029</marc:subfield><marc:subfield code="a">Library</marc:subfield><marc:subfield code="9">$0.00</marc:subfield><marc:subfield code="x">FUND:Gift</marc:subfield><marc:subfield code="x">COPYID:1307</marc:subfield><marc:subfield code="x">FSC@aRegular@c19961126@j@j@j@i@i@i</marc:subfield><marc:subfield code="h">016.415 D814b 1987</marc:subfield><marc:subfield code="z">Gift 9-90</marc:subfield></marc:datafield></marc:record>