
<marc:record><marc:leader>00688ntm a2200193 a 4500</marc:leader>
<marc:controlfield tag="008">971020s1986    xx            000 0 eng d</marc:controlfield>
<marc:datafield tag="040" ind1=" " ind2=" "><marc:subfield code="a">TxDaGIAL</marc:subfield><marc:subfield code="c">TxDaGIAL</marc:subfield></marc:datafield><marc:datafield tag="245" ind1="0" ind2="2"><marc:subfield code="a">A bibliography pertaining to the language and culture of the Upper Kinabatangan peoples</marc:subfield><marc:subfield code="h">[manuscript] /</marc:subfield><marc:subfield code="c">compiled by John A. Spitzack.</marc:subfield></marc:datafield><marc:datafield tag="250" ind1=" " ind2=" "><marc:subfield code="a">pre-publication draft.</marc:subfield></marc:datafield><marc:datafield tag="260" ind1=" " ind2=" "><marc:subfield code="c">1986.</marc:subfield></marc:datafield><marc:datafield tag="300" ind1=" " ind2=" "><marc:subfield code="a">8 leaves ;</marc:subfield><marc:subfield code="c">28 cm.</marc:subfield></marc:datafield><marc:datafield tag="651" ind1=" " ind2="0"><marc:subfield code="a">Sabah</marc:subfield><marc:subfield code="v">Bibliography.</marc:subfield></marc:datafield><marc:datafield tag="700" ind1="1" ind2="0"><marc:subfield code="a">Spitzack, John A.</marc:subfield></marc:datafield><marc:datafield tag="035" ind1=" " ind2=" "><marc:subfield code="a">(TxDaGIAL)37741100021207</marc:subfield></marc:datafield><marc:datafield tag="590" ind1=" " ind2=" "><marc:subfield code="l">dmg</marc:subfield><marc:subfield code="2">ISO 639-3</marc:subfield></marc:datafield><marc:controlfield tag="005">20081217192544.0</marc:controlfield><marc:controlfield tag="001">1082</marc:controlfield><marc:controlfield tag="003">TxDaGIAL</marc:controlfield><marc:datafield tag="852" ind1=" " ind2=" "><marc:subfield code="p">37741100021207</marc:subfield><marc:subfield code="a">Library</marc:subfield><marc:subfield code="x">COPYID:1308</marc:subfield><marc:subfield code="x">FSC@aRegular@c19971020</marc:subfield><marc:subfield code="h">016.95953 B582s 1986</marc:subfield><marc:subfield code="z">Author gift 4-91</marc:subfield></marc:datafield></marc:record>