
<marc:record><marc:leader>00862cam a2200265 i 4500</marc:leader>
<marc:controlfield tag="008">720518s1972    nyu      b    00010 eng  </marc:controlfield>
<marc:datafield tag="010" ind1=" " ind2=" "><marc:subfield code="a">   72174774</marc:subfield></marc:datafield><marc:datafield tag="020" ind1=" " ind2=" "><marc:subfield code="a">0030866723</marc:subfield></marc:datafield><marc:datafield tag="040" ind1=" " ind2=" "><marc:subfield code="a">DLC</marc:subfield><marc:subfield code="c">DLC</marc:subfield><marc:subfield code="d">TxDaGIAL</marc:subfield></marc:datafield><marc:datafield tag="043" ind1=" " ind2=" "><marc:subfield code="a">n-us-fl</marc:subfield></marc:datafield><marc:datafield tag="050" ind1="0" ind2=" "><marc:subfield code="a">E99.S28</marc:subfield><marc:subfield code="b">G3</marc:subfield></marc:datafield><marc:datafield tag="082" ind1=" " ind2=" "><marc:subfield code="a">970.3</marc:subfield></marc:datafield><marc:datafield tag="100" ind1="1" ind2="0"><marc:subfield code="a">Garbarino, Merwyn S.</marc:subfield></marc:datafield><marc:datafield tag="245" ind1="1" ind2="0"><marc:subfield code="a">Big Cypress :</marc:subfield><marc:subfield code="b">a changing Seminole community /</marc:subfield><marc:subfield code="c">by Merwyn S. Garbarino.</marc:subfield></marc:datafield><marc:datafield tag="260" ind1="0" ind2=" "><marc:subfield code="a">New York :</marc:subfield><marc:subfield code="b">Holt, Rinehart and Winston,</marc:subfield><marc:subfield code="c">c1972.</marc:subfield></marc:datafield><marc:datafield tag="300" ind1=" " ind2=" "><marc:subfield code="a">x, 132 p. :</marc:subfield><marc:subfield code="b">ports. ;</marc:subfield><marc:subfield code="c">24 cm.</marc:subfield></marc:datafield><marc:datafield tag="440" ind1=" " ind2="0"><marc:subfield code="a">Case studies in cultural anthropology</marc:subfield></marc:datafield><marc:datafield tag="504" ind1=" " ind2=" "><marc:subfield code="a">Bibliography: p. 131-132.</marc:subfield></marc:datafield><marc:datafield tag="650" ind1=" " ind2="0"><marc:subfield code="a">Seminole Indians.</marc:subfield></marc:datafield><marc:datafield tag="650" ind1=" " ind2="0"><marc:subfield code="a">Acculturation</marc:subfield><marc:subfield code="z">Florida.</marc:subfield></marc:datafield><marc:datafield tag="035" ind1=" " ind2=" "><marc:subfield code="a">(TxDaGIAL)37741100008360</marc:subfield></marc:datafield><marc:controlfield tag="005">20080624154648.0</marc:controlfield><marc:controlfield tag="001">1084</marc:controlfield><marc:controlfield tag="003">TxDaGIAL</marc:controlfield><marc:datafield tag="852" ind1=" " ind2=" "><marc:subfield code="p">37741100008360</marc:subfield><marc:subfield code="a">Library</marc:subfield><marc:subfield code="x">COPYID:1310</marc:subfield><marc:subfield code="x">FSC@aRegular@c19950921</marc:subfield><marc:subfield code="h">975.900497 G213b 1972</marc:subfield><marc:subfield code="z">6841</marc:subfield></marc:datafield></marc:record>