
<marc:record><marc:leader>01118cam a2200289 i 4500</marc:leader>
<marc:controlfield tag="008">730712s1973    hiua     b   s00110 eng  </marc:controlfield>
<marc:datafield tag="010" ind1=" " ind2=" "><marc:subfield code="a">   72093151 //r883</marc:subfield></marc:datafield><marc:datafield tag="020" ind1=" " ind2=" "><marc:subfield code="a">0824802624 :</marc:subfield><marc:subfield code="c">$10.00</marc:subfield></marc:datafield><marc:datafield tag="040" ind1=" " ind2=" "><marc:subfield code="a">DLC</marc:subfield><marc:subfield code="c">DLC</marc:subfield><marc:subfield code="d">TxDaGIAL</marc:subfield></marc:datafield><marc:datafield tag="043" ind1=" " ind2=" "><marc:subfield code="a">a-pp---</marc:subfield></marc:datafield><marc:datafield tag="050" ind1="0" ind2=" "><marc:subfield code="a">HC687.P3</marc:subfield><marc:subfield code="b">F55</marc:subfield></marc:datafield><marc:datafield tag="082" ind1=" " ind2=" "><marc:subfield code="a">330.9/95/5</marc:subfield></marc:datafield><marc:datafield tag="100" ind1="1" ind2="0"><marc:subfield code="a">Finney, Ben R.</marc:subfield></marc:datafield><marc:datafield tag="245" ind1="1" ind2="0"><marc:subfield code="a">Big-men and business :</marc:subfield><marc:subfield code="b">entrepreneurship and economic growth in the New Guinea highlands /</marc:subfield><marc:subfield code="c">Ben R. Finney ; foreword by Douglas L. Oliver.</marc:subfield></marc:datafield><marc:datafield tag="260" ind1="0" ind2=" "><marc:subfield code="a">Honolulu :</marc:subfield><marc:subfield code="b">University Press of Hawaii,</marc:subfield><marc:subfield code="c">c1973.</marc:subfield></marc:datafield><marc:datafield tag="300" ind1=" " ind2=" "><marc:subfield code="a">xxii, 206 p. :</marc:subfield><marc:subfield code="b">illus. ;</marc:subfield><marc:subfield code="c">24 cm.</marc:subfield></marc:datafield><marc:datafield tag="500" ind1=" " ind2=" "><marc:subfield code="a">&quot;An East-West Center book.&quot;</marc:subfield></marc:datafield><marc:datafield tag="504" ind1=" " ind2=" "><marc:subfield code="a">Bibliography: p. [189]-199.</marc:subfield></marc:datafield><marc:datafield tag="650" ind1=" " ind2="0"><marc:subfield code="a">Economic anthropology</marc:subfield><marc:subfield code="z">Papua New Guinea</marc:subfield><marc:subfield code="z">Goroka District.</marc:subfield></marc:datafield><marc:datafield tag="651" ind1=" " ind2="0"><marc:subfield code="a">Goroka District (Papua New Guinea)</marc:subfield><marc:subfield code="x">Economic conditions.</marc:subfield></marc:datafield><marc:datafield tag="651" ind1=" " ind2="0"><marc:subfield code="a">Goroka District (Papua New Guinea)</marc:subfield><marc:subfield code="x">Social conditions.</marc:subfield></marc:datafield><marc:datafield tag="650" ind1=" " ind2="0"><marc:subfield code="a">Entrepreneurship.</marc:subfield></marc:datafield><marc:datafield tag="035" ind1=" " ind2=" "><marc:subfield code="a">(TxDaGIAL)37741100003195</marc:subfield></marc:datafield><marc:controlfield tag="005">20080624154648.0</marc:controlfield><marc:controlfield tag="001">1085</marc:controlfield><marc:controlfield tag="003">TxDaGIAL</marc:controlfield><marc:datafield tag="852" ind1=" " ind2=" "><marc:subfield code="p">37741100003195</marc:subfield><marc:subfield code="a">Library</marc:subfield><marc:subfield code="x">COPYID:1311</marc:subfield><marc:subfield code="x">FSC@aRegular@c19950801</marc:subfield><marc:subfield code="h">330.9955 F514b 1973</marc:subfield><marc:subfield code="z">5159</marc:subfield></marc:datafield></marc:record>