
<marc:record><marc:leader>00657nam a22001817a 4500</marc:leader>
<marc:controlfield tag="008">970428s1979    ph ab         000 0 map d</marc:controlfield>
<marc:datafield tag="040" ind1=" " ind2=" "><marc:subfield code="a">TxDaGIAL</marc:subfield><marc:subfield code="c">TxDaGIAL</marc:subfield></marc:datafield><marc:datafield tag="041" ind1="0" ind2=" "><marc:subfield code="a">map</marc:subfield></marc:datafield><marc:datafield tag="130" ind1="0" ind2=" "><marc:subfield code="a">Bible.</marc:subfield><marc:subfield code="p">N.T.</marc:subfield><marc:subfield code="l">Dumagat (Casiguran).</marc:subfield><marc:subfield code="f">1979.</marc:subfield></marc:datafield><marc:datafield tag="245" ind1="1" ind2="0"><marc:subfield code="a">Bigu a tipan :</marc:subfield><marc:subfield code="b">New Testament, i mahusay a baheta para ta panahun tam.</marc:subfield></marc:datafield><marc:datafield tag="260" ind1=" " ind2=" "><marc:subfield code="a">New York :</marc:subfield><marc:subfield code="b">New York International Bible Society,</marc:subfield><marc:subfield code="c">1979.</marc:subfield></marc:datafield><marc:datafield tag="300" ind1=" " ind2=" "><marc:subfield code="a">855 p. :</marc:subfield><marc:subfield code="b">ill. (some col.), maps ;</marc:subfield><marc:subfield code="c">22 cm.</marc:subfield></marc:datafield><marc:datafield tag="035" ind1=" " ind2=" "><marc:subfield code="a">(TxDaGIAL)37741100017172</marc:subfield></marc:datafield><marc:datafield tag="590" ind1=" " ind2=" "><marc:subfield code="l">dgc</marc:subfield><marc:subfield code="2">ISO 639-3</marc:subfield></marc:datafield><marc:controlfield tag="005">20081217192610.0</marc:controlfield><marc:controlfield tag="001">1086</marc:controlfield><marc:controlfield tag="003">TxDaGIAL</marc:controlfield><marc:datafield tag="852" ind1=" " ind2=" "><marc:subfield code="p">37741100017172</marc:subfield><marc:subfield code="a">Library</marc:subfield><marc:subfield code="x">COPYID:1312</marc:subfield><marc:subfield code="x">FSC@aRegular@c19970429</marc:subfield><marc:subfield code="h">225.5992127 D885c 1979</marc:subfield><marc:subfield code="z">8659</marc:subfield></marc:datafield></marc:record>