
<marc:record><marc:leader>00790nam a2200217Ii 4500</marc:leader>
<marc:controlfield tag="008">760428s1975    maua          00000 eng d</marc:controlfield>
<marc:datafield tag="035" ind1=" " ind2=" "><marc:subfield code="a">(CU-UC)689549</marc:subfield></marc:datafield><marc:datafield tag="040" ind1=" " ind2=" "><marc:subfield code="a">LDL</marc:subfield><marc:subfield code="c">LDL</marc:subfield><marc:subfield code="d">CSfH</marc:subfield></marc:datafield><marc:datafield tag="245" ind1="0" ind2="0"><marc:subfield code="a">Bilingual-bicultural education :</marc:subfield><marc:subfield code="b">a handbook for attorneys and community workers.</marc:subfield></marc:datafield><marc:datafield tag="260" ind1="0" ind2=" "><marc:subfield code="a">Cambridge, Mass. :</marc:subfield><marc:subfield code="b">Center for Law and Education,</marc:subfield><marc:subfield code="c">1975.</marc:subfield></marc:datafield><marc:datafield tag="300" ind1=" " ind2=" "><marc:subfield code="a">345 p. :</marc:subfield><marc:subfield code="b">ill.</marc:subfield></marc:datafield><marc:datafield tag="546" ind1=" " ind2=" "><marc:subfield code="a">English.</marc:subfield></marc:datafield><marc:datafield tag="650" ind1=" " ind2="0"><marc:subfield code="a">Educational law and legislation</marc:subfield><marc:subfield code="z">United States.</marc:subfield></marc:datafield><marc:datafield tag="650" ind1=" " ind2="0"><marc:subfield code="a">Multicultural education.</marc:subfield></marc:datafield><marc:datafield tag="650" ind1=" " ind2="0"><marc:subfield code="a">Education, Bilingual</marc:subfield><marc:subfield code="z">United States.</marc:subfield></marc:datafield><marc:datafield tag="710" ind1="2" ind2="0"><marc:subfield code="a">Harvard Center for Law and Education.</marc:subfield></marc:datafield><marc:datafield tag="035" ind1=" " ind2=" "><marc:subfield code="a">(TxDaGIAL)37741100019398</marc:subfield></marc:datafield><marc:controlfield tag="005">20080624154649.0</marc:controlfield><marc:controlfield tag="001">1087</marc:controlfield><marc:controlfield tag="003">TxDaGIAL</marc:controlfield><marc:datafield tag="852" ind1=" " ind2=" "><marc:subfield code="p">37741100019398</marc:subfield><marc:subfield code="a">Library</marc:subfield><marc:subfield code="x">COPYID:1313</marc:subfield><marc:subfield code="x">FSC@aRegular@c19970731</marc:subfield><marc:subfield code="h">370.117 B595h 1975</marc:subfield><marc:subfield code="z">4880</marc:subfield></marc:datafield></marc:record>