
<marc:record><marc:leader>02324cam a2200373 i 4500</marc:leader>
<marc:controlfield tag="008">780712s1978    nyu      b    00110 eng  </marc:controlfield>
<marc:datafield tag="010" ind1=" " ind2=" "><marc:subfield code="a">   78051243 //r862</marc:subfield></marc:datafield><marc:datafield tag="020" ind1=" " ind2=" "><marc:subfield code="a">0120487500</marc:subfield></marc:datafield><marc:datafield tag="040" ind1=" " ind2=" "><marc:subfield code="a">DLC</marc:subfield><marc:subfield code="c">DLC</marc:subfield></marc:datafield><marc:datafield tag="050" ind1="0" ind2=" "><marc:subfield code="a">RC425</marc:subfield><marc:subfield code="b">.A43</marc:subfield></marc:datafield><marc:datafield tag="060" ind1=" " ind2=" "><marc:subfield code="a">WL335 A333b</marc:subfield></marc:datafield><marc:datafield tag="082" ind1=" " ind2=" "><marc:subfield code="a">616.8/552</marc:subfield></marc:datafield><marc:datafield tag="100" ind1="1" ind2="0"><marc:subfield code="a">Albert, Martin L.,</marc:subfield><marc:subfield code="d">1939-</marc:subfield></marc:datafield><marc:datafield tag="245" ind1="1" ind2="4"><marc:subfield code="a">The bilingual brain :</marc:subfield><marc:subfield code="b">neuropsychological and neurolinguistic aspects of bilingualism /</marc:subfield><marc:subfield code="c">Martin L. Albert, Loraine K. Obler.</marc:subfield></marc:datafield><marc:datafield tag="260" ind1="0" ind2=" "><marc:subfield code="a">New York :</marc:subfield><marc:subfield code="b">Academic Press,</marc:subfield><marc:subfield code="c">1978.</marc:subfield></marc:datafield><marc:datafield tag="300" ind1=" " ind2=" "><marc:subfield code="a">xi, 302 p. ;</marc:subfield><marc:subfield code="c">24 cm.</marc:subfield></marc:datafield><marc:datafield tag="490" ind1="0" ind2=" "><marc:subfield code="a">Perspectives in neurolinguistics and psycholinguistics</marc:subfield></marc:datafield><marc:datafield tag="504" ind1=" " ind2=" "><marc:subfield code="a">Bibliography: p. 255-275.</marc:subfield></marc:datafield><marc:datafield tag="500" ind1=" " ind2=" "><marc:subfield code="a">Includes indexes.</marc:subfield></marc:datafield><marc:datafield tag="505" ind1="0" ind2=" "><marc:subfield code="a">Linguistic Studies of Bilingualism -- Interference -- Models of Second Language Acquisition -- Studies of Childhood Bilingualism -- Perceptual Judgments and Phonological Production -- Psychological Studies of Bilingualism -- Measurement Parameters -- The Nature of the Bilingual Lexicon -- Syntax and Sentence Semantics -- Neuropsychological Studies of Bilingualism -- Polyglot Aphasia -- Experimental Neuropsychology -- Theoretical Considerations -- Bilingualism versus Monolingualism -- Degrees of Bilingual Proficiency -- Interference and Transfer -- The Switch Mechanism -- Language Set -- Language Tagging -- Translation -- Perception and Production -- Linguistic Levels and Categories -- Language Modalities -- Developmental Patterns of Bilingualism and Age of Acquisition -- The Compound-Coordinate &quot;Dichotomy&quot; -- Language-Specific Effects on Brain Organization -- Differential Cerebral Lateralization -- Linguistic Aspects of Bilingualism -- Psychological Aspects of Bilingualism -- Neuropsychological Aspects of Bilingualism -- Issues in the Field of Bilingualism.</marc:subfield></marc:datafield><marc:datafield tag="650" ind1=" " ind2="0"><marc:subfield code="a">Aphasia.</marc:subfield></marc:datafield><marc:datafield tag="650" ind1=" " ind2="0"><marc:subfield code="a">Bilingualism</marc:subfield><marc:subfield code="x">Physiological aspects.</marc:subfield></marc:datafield><marc:datafield tag="650" ind1=" " ind2="0"><marc:subfield code="a">Bilingualism</marc:subfield><marc:subfield code="x">Psychological aspects.</marc:subfield></marc:datafield><marc:datafield tag="650" ind1=" " ind2="0"><marc:subfield code="a">Neurolinguistics.</marc:subfield></marc:datafield><marc:datafield tag="650" ind1=" " ind2="2"><marc:subfield code="a">Language development.</marc:subfield></marc:datafield><marc:datafield tag="650" ind1=" " ind2="2"><marc:subfield code="a">Brain</marc:subfield><marc:subfield code="x">Physiology.</marc:subfield></marc:datafield><marc:datafield tag="650" ind1=" " ind2="2"><marc:subfield code="a">Neurophysiology.</marc:subfield></marc:datafield><marc:datafield tag="650" ind1=" " ind2="2"><marc:subfield code="a">Psycholinguistics.</marc:subfield></marc:datafield><marc:datafield tag="700" ind1="1" ind2="0"><marc:subfield code="a">Obler, Loraine K.,</marc:subfield><marc:subfield code="e">joint author.</marc:subfield></marc:datafield><marc:datafield tag="035" ind1=" " ind2=" "><marc:subfield code="a">(TxDaGIAL)37741100005421</marc:subfield></marc:datafield><marc:controlfield tag="005">20080624154649.0</marc:controlfield><marc:controlfield tag="001">1088</marc:controlfield><marc:controlfield tag="003">TxDaGIAL</marc:controlfield><marc:datafield tag="852" ind1=" " ind2=" "><marc:subfield code="p">37741100005421</marc:subfield><marc:subfield code="a">Library</marc:subfield><marc:subfield code="x">COPYID:1314</marc:subfield><marc:subfield code="x">FSC@aRegular@c19950701</marc:subfield><marc:subfield code="h">616.8552 A885b 1978</marc:subfield><marc:subfield code="z">5777</marc:subfield></marc:datafield></marc:record>