
<marc:record><marc:leader>00689nam a2200181 a 4500</marc:leader>
<marc:controlfield tag="008">971025s1975    pp            000 0 eng d</marc:controlfield>
<marc:datafield tag="040" ind1=" " ind2=" "><marc:subfield code="a">TxDaGIAL</marc:subfield><marc:subfield code="c">TxDaGIAL</marc:subfield></marc:datafield><marc:datafield tag="100" ind1="1" ind2=" "><marc:subfield code="a">Johnson, R. K.</marc:subfield></marc:datafield><marc:datafield tag="245" ind1="1" ind2="0"><marc:subfield code="a">Bilingual education and teacher training in Papua New Guinea /</marc:subfield><marc:subfield code="c">by R.K. Johnson.</marc:subfield></marc:datafield><marc:datafield tag="260" ind1=" " ind2=" "><marc:subfield code="a">Port Moresby :</marc:subfield><marc:subfield code="b">University of Papua New Guinea,</marc:subfield><marc:subfield code="c">1975.</marc:subfield></marc:datafield><marc:datafield tag="300" ind1=" " ind2=" "><marc:subfield code="a">16, [5] p. ;</marc:subfield><marc:subfield code="c">29 cm.</marc:subfield></marc:datafield><marc:datafield tag="500" ind1=" " ind2=" "><marc:subfield code="a">&quot;Teaching methods and Materials Centre Research report 30&quot;</marc:subfield></marc:datafield><marc:datafield tag="650" ind1=" " ind2="0"><marc:subfield code="a">Education, Bilingual</marc:subfield><marc:subfield code="z">Papua New Guinea.</marc:subfield></marc:datafield><marc:datafield tag="035" ind1=" " ind2=" "><marc:subfield code="a">(TxDaGIAL)37741100021354</marc:subfield></marc:datafield><marc:controlfield tag="005">20080624154650.0</marc:controlfield><marc:controlfield tag="001">1092</marc:controlfield><marc:controlfield tag="003">TxDaGIAL</marc:controlfield><marc:datafield tag="852" ind1=" " ind2=" "><marc:subfield code="p">37741100021354</marc:subfield><marc:subfield code="a">Library</marc:subfield><marc:subfield code="x">COPYID:1318</marc:subfield><marc:subfield code="x">FSC@aRegular@c19971027</marc:subfield><marc:subfield code="h">371.9709953 J68b 1975</marc:subfield></marc:datafield></marc:record>