
<marc:record><marc:leader>01048nam a2200265 i 4500</marc:leader>
<marc:controlfield tag="008">780313s1971    dcu      b    000 0 eng d</marc:controlfield>
<marc:datafield tag="040" ind1=" " ind2=" "><marc:subfield code="d">TxDaGIAL</marc:subfield></marc:datafield><marc:datafield tag="043" ind1=" " ind2=" "><marc:subfield code="a">n-us---</marc:subfield></marc:datafield><marc:datafield tag="050" ind1="0" ind2="0"><marc:subfield code="a">E97</marc:subfield><marc:subfield code="b">.U5879 1978</marc:subfield></marc:datafield><marc:datafield tag="082" ind1="0" ind2="0"><marc:subfield code="a">371.9/7/97073</marc:subfield></marc:datafield><marc:datafield tag="110" ind1="1" ind2="0"><marc:subfield code="a">United States.</marc:subfield><marc:subfield code="b">Bureau of Indian Affairs.</marc:subfield></marc:datafield><marc:datafield tag="245" ind1="1" ind2="0"><marc:subfield code="a">Bilingual education for American Indians /</marc:subfield><marc:subfield code="c">United States Bureau of Indian Affairs.</marc:subfield></marc:datafield><marc:datafield tag="260" ind1="0" ind2=" "><marc:subfield code="a">Washington, D.C. :</marc:subfield><marc:subfield code="b">U.S. Bureau of Indian Affairs,</marc:subfield><marc:subfield code="c">1971.</marc:subfield></marc:datafield><marc:datafield tag="300" ind1=" " ind2=" "><marc:subfield code="a">iv, 102 p. ;</marc:subfield><marc:subfield code="c">27 cm.</marc:subfield></marc:datafield><marc:datafield tag="440" ind1=" " ind2="0"><marc:subfield code="a">Curriculum bulletin no. 3</marc:subfield></marc:datafield><marc:datafield tag="504" ind1=" " ind2=" "><marc:subfield code="a">Bibliography: p. 89-97.</marc:subfield></marc:datafield><marc:datafield tag="650" ind1=" " ind2="0"><marc:subfield code="a">Indians of North America</marc:subfield><marc:subfield code="x">Education.</marc:subfield></marc:datafield><marc:datafield tag="650" ind1=" " ind2="0"><marc:subfield code="a">Education, Bilingual</marc:subfield><marc:subfield code="z">United States.</marc:subfield></marc:datafield><marc:datafield tag="650" ind1=" " ind2="0"><marc:subfield code="a">Indians of North America</marc:subfield><marc:subfield code="x">Languages</marc:subfield><marc:subfield code="x">Study and teaching</marc:subfield><marc:subfield code="z">United States.</marc:subfield></marc:datafield><marc:datafield tag="035" ind1=" " ind2=" "><marc:subfield code="a">(TxDaGIAL)37741100019842</marc:subfield></marc:datafield><marc:controlfield tag="005">20080624154650.0</marc:controlfield><marc:controlfield tag="001">1093</marc:controlfield><marc:controlfield tag="003">TxDaGIAL</marc:controlfield><marc:datafield tag="852" ind1=" " ind2=" "><marc:subfield code="p">37741100019842</marc:subfield><marc:subfield code="a">Library</marc:subfield><marc:subfield code="x">COPYID:1319</marc:subfield><marc:subfield code="x">FSC@aRegular@c19970819</marc:subfield><marc:subfield code="h">371.9797073 U58b 1 1971</marc:subfield></marc:datafield><marc:datafield tag="852" ind1=" " ind2=" "><marc:subfield code="p">37741100019843</marc:subfield><marc:subfield code="a">Library</marc:subfield><marc:subfield code="x">COPYID:1320</marc:subfield><marc:subfield code="x">FSC@aRegular@c19970819</marc:subfield><marc:subfield code="h">371.9797073 U58b 1 1971</marc:subfield></marc:datafield></marc:record>