
<marc:record><marc:leader>01092pam a2200289 a 4500</marc:leader>
<marc:controlfield tag="008">960418s1996    maua     b    001 0 eng  </marc:controlfield>
<marc:datafield tag="010" ind1=" " ind2=" "><marc:subfield code="a">   96002788</marc:subfield></marc:datafield><marc:datafield tag="020" ind1=" " ind2=" "><marc:subfield code="a">0929930142</marc:subfield></marc:datafield><marc:datafield tag="040" ind1=" " ind2=" "><marc:subfield code="a">DLC</marc:subfield><marc:subfield code="c">DLC</marc:subfield><marc:subfield code="d">DLC</marc:subfield></marc:datafield><marc:datafield tag="043" ind1=" " ind2=" "><marc:subfield code="a">n-us-ma</marc:subfield></marc:datafield><marc:datafield tag="050" ind1="0" ind2="0"><marc:subfield code="a">LC3732.M4</marc:subfield><marc:subfield code="b">R68 1996</marc:subfield></marc:datafield><marc:datafield tag="082" ind1="0" ind2="0"><marc:subfield code="a">371.97/009744</marc:subfield><marc:subfield code="2">20</marc:subfield></marc:datafield><marc:datafield tag="100" ind1="1" ind2=" "><marc:subfield code="a">Rossell, Christine H.</marc:subfield></marc:datafield><marc:datafield tag="245" ind1="1" ind2="0"><marc:subfield code="a">Bilingual education in Massachusetts :</marc:subfield><marc:subfield code="b">the emperor has no clothes /</marc:subfield><marc:subfield code="c">Christine H. Rossell and Keith Baker.</marc:subfield></marc:datafield><marc:datafield tag="260" ind1=" " ind2=" "><marc:subfield code="a">Boston, Mass. :</marc:subfield><marc:subfield code="b">Pioneer Institute,</marc:subfield><marc:subfield code="c">c1996.</marc:subfield></marc:datafield><marc:datafield tag="300" ind1=" " ind2=" "><marc:subfield code="a">xix, 242 p. :</marc:subfield><marc:subfield code="b">ill. ;</marc:subfield><marc:subfield code="c">22 cm.</marc:subfield></marc:datafield><marc:datafield tag="440" ind1=" " ind2="0"><marc:subfield code="a">Pioneer paper ;</marc:subfield><marc:subfield code="v">no. 10</marc:subfield></marc:datafield><marc:datafield tag="504" ind1=" " ind2=" "><marc:subfield code="a">Includes bibliographical references (p. 209-237) and index.</marc:subfield></marc:datafield><marc:datafield tag="650" ind1=" " ind2="0"><marc:subfield code="a">Education, Bilingual</marc:subfield><marc:subfield code="z">Massachusetts.</marc:subfield></marc:datafield><marc:datafield tag="650" ind1=" " ind2="0"><marc:subfield code="a">Education and state</marc:subfield><marc:subfield code="z">Massachusetts.</marc:subfield></marc:datafield><marc:datafield tag="650" ind1=" " ind2="0"><marc:subfield code="a">Linguistic minorities</marc:subfield><marc:subfield code="x">Education</marc:subfield><marc:subfield code="z">Massachusetts.</marc:subfield></marc:datafield><marc:datafield tag="700" ind1="1" ind2=" "><marc:subfield code="a">Baker, Keith,</marc:subfield><marc:subfield code="d">1942-</marc:subfield></marc:datafield><marc:datafield tag="035" ind1=" " ind2=" "><marc:subfield code="a">(TxDaGIAL)37741100021280</marc:subfield></marc:datafield><marc:controlfield tag="005">20080624154650.0</marc:controlfield><marc:controlfield tag="001">1095</marc:controlfield><marc:controlfield tag="003">TxDaGIAL</marc:controlfield><marc:datafield tag="852" ind1=" " ind2=" "><marc:subfield code="p">37741100021280</marc:subfield><marc:subfield code="a">Library</marc:subfield><marc:subfield code="9">$13.05</marc:subfield><marc:subfield code="x">FUND:LD-Lite</marc:subfield><marc:subfield code="x">COPYID:1322</marc:subfield><marc:subfield code="x">FSC@aRegular@c19971022</marc:subfield><marc:subfield code="h">371.97009744 R828b 1996</marc:subfield><marc:subfield code="z">B/T 10-97</marc:subfield></marc:datafield></marc:record>