
<marc:record><marc:leader>00930pam a2200277 a 4500</marc:leader>
<marc:controlfield tag="008">860528s1986    enka     b    00110 eng  </marc:controlfield>
<marc:datafield tag="010" ind1=" " ind2=" "><marc:subfield code="a">   86013700</marc:subfield></marc:datafield><marc:datafield tag="020" ind1=" " ind2=" "><marc:subfield code="a">0521324181</marc:subfield></marc:datafield><marc:datafield tag="020" ind1=" " ind2=" "><marc:subfield code="a">0521311942 (pbk.)</marc:subfield></marc:datafield><marc:datafield tag="040" ind1=" " ind2=" "><marc:subfield code="a">DLC</marc:subfield><marc:subfield code="c">DLC</marc:subfield><marc:subfield code="d">TxDaGIAL</marc:subfield></marc:datafield><marc:datafield tag="050" ind1="0" ind2=" "><marc:subfield code="a">P115.2</marc:subfield><marc:subfield code="b">.H36 1986</marc:subfield></marc:datafield><marc:datafield tag="082" ind1="0" ind2=" "><marc:subfield code="a">404/.2</marc:subfield><marc:subfield code="2">19</marc:subfield></marc:datafield><marc:datafield tag="100" ind1="1" ind2="0"><marc:subfield code="a">Harding, Edith.</marc:subfield></marc:datafield><marc:datafield tag="245" ind1="1" ind2="4"><marc:subfield code="a">The bilingual family :</marc:subfield><marc:subfield code="b">a handbook for parents /</marc:subfield><marc:subfield code="c">Edith Harding and Philip Riley.</marc:subfield></marc:datafield><marc:datafield tag="260" ind1="0" ind2=" "><marc:subfield code="a">Cambridge [Cambridgeshire] ;</marc:subfield><marc:subfield code="a">New York :</marc:subfield><marc:subfield code="b">Cambridge University Press,</marc:subfield><marc:subfield code="c">1986.</marc:subfield></marc:datafield><marc:datafield tag="300" ind1=" " ind2=" "><marc:subfield code="a">x, 155 p. :</marc:subfield><marc:subfield code="b">ill. ;</marc:subfield><marc:subfield code="c">24 cm.</marc:subfield></marc:datafield><marc:datafield tag="504" ind1=" " ind2=" "><marc:subfield code="a">Bibliography: p. 149-153.</marc:subfield></marc:datafield><marc:datafield tag="650" ind1=" " ind2="0"><marc:subfield code="a">Bilingualism in children.</marc:subfield></marc:datafield><marc:datafield tag="650" ind1=" " ind2="0"><marc:subfield code="a">Parenting.</marc:subfield></marc:datafield><marc:datafield tag="650" ind1=" " ind2="0"><marc:subfield code="a">Children</marc:subfield><marc:subfield code="x">Language.</marc:subfield></marc:datafield><marc:datafield tag="700" ind1="1" ind2="0"><marc:subfield code="a">Riley, Philip.</marc:subfield></marc:datafield><marc:datafield tag="035" ind1=" " ind2=" "><marc:subfield code="a">(TxDaGIAL)37741100010793</marc:subfield></marc:datafield><marc:controlfield tag="005">20080624154651.0</marc:controlfield><marc:controlfield tag="001">1097</marc:controlfield><marc:controlfield tag="003">TxDaGIAL</marc:controlfield><marc:datafield tag="852" ind1=" " ind2=" "><marc:subfield code="p">37741100010793</marc:subfield><marc:subfield code="a">Library</marc:subfield><marc:subfield code="9">$12.95</marc:subfield><marc:subfield code="x">COPYID:1324</marc:subfield><marc:subfield code="x">FSC@aRegular@c19960410</marc:subfield><marc:subfield code="h">404.2 H236b 1986</marc:subfield><marc:subfield code="z">B/T 7-90</marc:subfield></marc:datafield></marc:record>