
<marc:record><marc:leader>01792nam a22003011  4500</marc:leader>
<marc:controlfield tag="008">950225s1994    paua          001 0 eng d</marc:controlfield>
<marc:datafield tag="010" ind1=" " ind2=" "><marc:subfield code="a">94-23215</marc:subfield></marc:datafield><marc:datafield tag="020" ind1=" " ind2=" "><marc:subfield code="a">1556192436 (US) :</marc:subfield><marc:subfield code="c">$29.95</marc:subfield></marc:datafield><marc:datafield tag="040" ind1=" " ind2=" "><marc:subfield code="a">DLC</marc:subfield><marc:subfield code="c">TxDaGIAL</marc:subfield><marc:subfield code="d">TxDaGIAL</marc:subfield></marc:datafield><marc:datafield tag="050" ind1="0" ind2="0"><marc:subfield code="a">P118</marc:subfield><marc:subfield code="b">.B53 1994</marc:subfield></marc:datafield><marc:datafield tag="082" ind1="0" ind2="4"><marc:subfield code="a">401.93</marc:subfield><marc:subfield code="2">20</marc:subfield></marc:datafield><marc:datafield tag="245" ind1="0" ind2="0"><marc:subfield code="a">Bilingual first language acquisition :</marc:subfield><marc:subfield code="b">French and German grammatical development /</marc:subfield><marc:subfield code="c">[edited by] Jrgen M. Meisel.</marc:subfield></marc:datafield><marc:datafield tag="260" ind1=" " ind2=" "><marc:subfield code="a">Philadelphia ;</marc:subfield><marc:subfield code="a">Amsterdam :</marc:subfield><marc:subfield code="b">J. Benjamins,</marc:subfield><marc:subfield code="c">c1994.</marc:subfield></marc:datafield><marc:datafield tag="300" ind1=" " ind2=" "><marc:subfield code="a">282 p. :</marc:subfield><marc:subfield code="b">ill. ;</marc:subfield><marc:subfield code="c">22 cm.</marc:subfield></marc:datafield><marc:datafield tag="440" ind1=" " ind2="0"><marc:subfield code="a">Language acquisition &amp; language disorders ;</marc:subfield><marc:subfield code="v">7</marc:subfield></marc:datafield><marc:datafield tag="500" ind1=" " ind2=" "><marc:subfield code="a">Results of research by members of the research group DUFDE.</marc:subfield></marc:datafield><marc:datafield tag="504" ind1=" " ind2=" "><marc:subfield code="a">Includes bibliographical references and index.</marc:subfield></marc:datafield><marc:datafield tag="505" ind1="0" ind2=" "><marc:subfield code="a">Acquiring German and French in a bilingual setting / Peter Jordens -- The DUFDE project / Regina Koppe -- The acquisition of gender and number morphology within NP / Caroline Koehn -- Gender and number agreement within DP / Natascha Muller -- Getting FAT : fitness, agreement, and tense in early grammars / Jurgen M. Meisel -- More about INFL-ection and agreement : the acquisition of clitic pronouns in French / Georg Kaiser -- Case assignment and functional categories in bilingual children / Achim Stenzel -- NP-movement and subject raising / Regina Koppe --Parameters cannot be reset : evidence fromthe development of COMP / Tatascha Muller.</marc:subfield></marc:datafield><marc:datafield tag="650" ind1=" " ind2="0"><marc:subfield code="a">Language acquisition.</marc:subfield></marc:datafield><marc:datafield tag="650" ind1=" " ind2="0"><marc:subfield code="a">Bilingualism in children.</marc:subfield></marc:datafield><marc:datafield tag="650" ind1=" " ind2="0"><marc:subfield code="a">French language</marc:subfield><marc:subfield code="x">Acquisition.</marc:subfield></marc:datafield><marc:datafield tag="650" ind1=" " ind2="0"><marc:subfield code="a">German language</marc:subfield><marc:subfield code="x">Acquisition.</marc:subfield></marc:datafield><marc:datafield tag="700" ind1="1" ind2="0"><marc:subfield code="a">Meisel, Jrgen M.</marc:subfield></marc:datafield><marc:datafield tag="035" ind1=" " ind2=" "><marc:subfield code="a">(TxDaGIAL)37741100000731</marc:subfield></marc:datafield><marc:controlfield tag="005">20080624154651.0</marc:controlfield><marc:controlfield tag="001">1098</marc:controlfield><marc:controlfield tag="003">TxDaGIAL</marc:controlfield><marc:datafield tag="852" ind1=" " ind2=" "><marc:subfield code="p">37741100000731</marc:subfield><marc:subfield code="a">Library</marc:subfield><marc:subfield code="9">$23.96</marc:subfield><marc:subfield code="x">COPYID:1325</marc:subfield><marc:subfield code="x">FSC@aRegular@c19950225</marc:subfield><marc:subfield code="h">401.93 B595m 1994</marc:subfield><marc:subfield code="z">Dir. through G. Huttar</marc:subfield></marc:datafield></marc:record>