
<marc:record><marc:leader>01052cam a2200265 a 4500</marc:leader>
<marc:controlfield tag="008">860123s1986    nyu      b   s00010 eng  </marc:controlfield>
<marc:datafield tag="010" ind1=" " ind2=" "><marc:subfield code="a">   86002325 //r93</marc:subfield></marc:datafield><marc:datafield tag="020" ind1=" " ind2=" "><marc:subfield code="a">0937033057 (pbk.) :</marc:subfield><marc:subfield code="c">$5.00</marc:subfield></marc:datafield><marc:datafield tag="040" ind1=" " ind2=" "><marc:subfield code="a">DLC</marc:subfield><marc:subfield code="c">DLC</marc:subfield><marc:subfield code="d">DLC</marc:subfield></marc:datafield><marc:datafield tag="043" ind1=" " ind2=" "><marc:subfield code="a">n-cn---</marc:subfield></marc:datafield><marc:datafield tag="050" ind1="0" ind2="0"><marc:subfield code="a">Z5815.C3</marc:subfield><marc:subfield code="b">K44 1986</marc:subfield><marc:subfield code="a">LC3734</marc:subfield></marc:datafield><marc:datafield tag="082" ind1="0" ind2="0"><marc:subfield code="a">016.37197/00971</marc:subfield><marc:subfield code="2">19</marc:subfield></marc:datafield><marc:datafield tag="100" ind1="1" ind2="0"><marc:subfield code="a">Kelly, David H.</marc:subfield></marc:datafield><marc:datafield tag="245" ind1="1" ind2="0"><marc:subfield code="a">Bilingual/multicultural education in Canada :</marc:subfield><marc:subfield code="b">interpretation and bibliography /</marc:subfield><marc:subfield code="c">David H. Kelly.</marc:subfield></marc:datafield><marc:datafield tag="260" ind1="0" ind2=" "><marc:subfield code="a">Buffalo :</marc:subfield><marc:subfield code="b">Comparative Education Center, Faculty of Educational Studies, State University of New York at Buffalo,</marc:subfield><marc:subfield code="c">[1986]</marc:subfield></marc:datafield><marc:datafield tag="300" ind1=" " ind2=" "><marc:subfield code="a">59 p. ;</marc:subfield><marc:subfield code="c">28 cm.</marc:subfield></marc:datafield><marc:datafield tag="440" ind1=" " ind2="0"><marc:subfield code="a">Special studies in comparative education ;</marc:subfield><marc:subfield code="v">no. 15</marc:subfield></marc:datafield><marc:datafield tag="504" ind1=" " ind2=" "><marc:subfield code="a">Bibliography: p. 13.</marc:subfield></marc:datafield><marc:datafield tag="650" ind1=" " ind2="0"><marc:subfield code="a">Education, Bilingual</marc:subfield><marc:subfield code="z">Canada</marc:subfield><marc:subfield code="v">Bibliography.</marc:subfield></marc:datafield><marc:datafield tag="650" ind1=" " ind2="0"><marc:subfield code="a">Multicultural education</marc:subfield><marc:subfield code="z">Canada</marc:subfield><marc:subfield code="v">Bibliography.</marc:subfield></marc:datafield><marc:datafield tag="035" ind1=" " ind2=" "><marc:subfield code="a">(TxDaGIAL)37741100007983</marc:subfield></marc:datafield><marc:controlfield tag="005">20080624154652.0</marc:controlfield><marc:controlfield tag="001">1099</marc:controlfield><marc:controlfield tag="003">TxDaGIAL</marc:controlfield><marc:datafield tag="852" ind1=" " ind2=" "><marc:subfield code="p">37741100007983</marc:subfield><marc:subfield code="a">Library</marc:subfield><marc:subfield code="9">$5.00</marc:subfield><marc:subfield code="x">COPYID:1326</marc:subfield><marc:subfield code="x">FSC@aRegular@c19950913</marc:subfield><marc:subfield code="h">016.37197 K29b 1986</marc:subfield><marc:subfield code="z">13235</marc:subfield></marc:datafield></marc:record>