
<marc:record><marc:leader>00930cam a2200253 i 4500</marc:leader>
<marc:controlfield tag="008">780316r19781946nyu           00010 eng  </marc:controlfield>
<marc:datafield tag="010" ind1=" " ind2=" "><marc:subfield code="a">   77090547 //r863</marc:subfield></marc:datafield><marc:datafield tag="020" ind1=" " ind2=" "><marc:subfield code="a">0405110863 :</marc:subfield><marc:subfield code="c">$12.00</marc:subfield></marc:datafield><marc:datafield tag="040" ind1=" " ind2=" "><marc:subfield code="a">DLC</marc:subfield><marc:subfield code="c">DLC</marc:subfield><marc:subfield code="d">TxDaGIAL</marc:subfield></marc:datafield><marc:datafield tag="043" ind1=" " ind2=" "><marc:subfield code="a">f-sa---</marc:subfield></marc:datafield><marc:datafield tag="050" ind1="0" ind2=" "><marc:subfield code="a">LC3738.S6</marc:subfield><marc:subfield code="b">M3 1978</marc:subfield></marc:datafield><marc:datafield tag="082" ind1=" " ind2=" "><marc:subfield code="a">371.9/7</marc:subfield></marc:datafield><marc:datafield tag="100" ind1="1" ind2="0"><marc:subfield code="a">Malherbe, E. G.</marc:subfield><marc:subfield code="q">(Ernst Gideon),</marc:subfield><marc:subfield code="d">1895-</marc:subfield></marc:datafield><marc:datafield tag="245" ind1="1" ind2="4"><marc:subfield code="a">The bilingual school :</marc:subfield><marc:subfield code="b">a study of bilingualism in South Africa /</marc:subfield><marc:subfield code="c">E.G. Malherbe.</marc:subfield></marc:datafield><marc:datafield tag="260" ind1="0" ind2=" "><marc:subfield code="a">New York :</marc:subfield><marc:subfield code="b">Arno Press,</marc:subfield><marc:subfield code="c">1978.</marc:subfield></marc:datafield><marc:datafield tag="300" ind1=" " ind2=" "><marc:subfield code="a">iv, 122 p. ;</marc:subfield><marc:subfield code="c">23 cm.</marc:subfield></marc:datafield><marc:datafield tag="440" ind1=" " ind2="0"><marc:subfield code="a">Bilingual-bicultural education in the United States</marc:subfield></marc:datafield><marc:datafield tag="500" ind1=" " ind2=" "><marc:subfield code="a">Reprint of the 1946 ed. published by Longmans, Green, London, New York.</marc:subfield></marc:datafield><marc:datafield tag="650" ind1=" " ind2="0"><marc:subfield code="a">Education, Bilingual</marc:subfield><marc:subfield code="z">South Africa.</marc:subfield></marc:datafield><marc:datafield tag="035" ind1=" " ind2=" "><marc:subfield code="a">(TxDaGIAL)37741100010168</marc:subfield></marc:datafield><marc:controlfield tag="005">20080624154652.0</marc:controlfield><marc:controlfield tag="001">1100</marc:controlfield><marc:controlfield tag="003">TxDaGIAL</marc:controlfield><marc:datafield tag="852" ind1=" " ind2=" "><marc:subfield code="p">37741100010168</marc:subfield><marc:subfield code="a">Library</marc:subfield><marc:subfield code="x">COPYID:1327</marc:subfield><marc:subfield code="x">FSC@aRegular@c19951211</marc:subfield><marc:subfield code="h">371.9700968 M249b 1978</marc:subfield><marc:subfield code="z">5831</marc:subfield></marc:datafield></marc:record>
</marc:collection>
